2806 4814
294 293 354 386 ’1ιῆ1
394 307 397 314 ’
496 318 503 326 “
664 290 975 382 Intnoduffctt'o

300 470 383 563 quis
400 471 499 562 eninr,
538 471 618 566 qui
628 472 775 592 physices
798 476 984 562 receqtiore
1013 500 1093 546 aevo
1123 506 1233 574 progr
1225 509 1313 553 essus
1341 543 1346 552 .

297 573 476 666 describere
493 577 713 668 constituerit,
721 604 850 660 somnes
862 581 1080 668 Kastneri,
1103 582 1309 666 Dittmari‚

296 659 516 775 Wagneri²
544 659 759 776 aliorumque
795 684 965 756 eiusmodi.
981 687 1139 762 minorum
1159 695 1312 782 ”gentium

296 787 460 874 hominurn
489 805 686 876 commentat
701 812 887 882 nugasque„
917 813 999 884 *quas
1030 794 1166 865 crastina
1195 799 1312 870 delebit
1391 809 1392 816 ’

294 895 381 982 dies,
397 910 604 988 componet
587 903 618 962 et
640 919 712 963 cum
728 893 906 987 reliquis
881 898 1044 966 sententiis
1064 903 1120 986 ²⁶)
1144 904 1308 984 conciliare.

294 997 456 1090 studebit?
486 999 538 1092 Ea
557 1015 662 1090 autern
674 997 762 1092 prae
786 1000 917 1074 caeteris
942 1002 1101 1086 afferenda
1124 1007 1205 1091 duxi,
1232 1029 1309 1103 eptae

295 1079 337 1192 ad
355 1105 588 1197 intelligendos
623 1102 845 1188 Αιιιιοιιιίιοε
885 1107 925 1176 de
955 1108 1185 1204 meteorologia
1221 1115 1307 1218 lpcos

290 1184 436 1280 utilitatis
461 1208 595 1301 aliquid
605 1207 756 1302 praebere
779 1227 921 1303 possent.
967 1212 1054 1280 Inter
1075 1169 1212 1286 Latinos
1239 1221 1306 1288 lau-

292 1315 418 1402 dandus
441 1330 490 1414 est
507 1307 734 1385 Lucretius.
774 1313 963 1384 Collectoris
980 1332 1102 1389 tantum
1117 1339 1227 1415 partes
1244 1326 1307 1417 egit

288 1419 464 1503 Plinius,
487 1418 594 1490 multa
589 1443 715 1512 eaque
731 1442 809 1486 sana
833 1420 964 1514 protulit
985 1427 1152 1510 Seneca,
1178 1429 1305 1499 Stoicae

288 1524 475 1618 ιιὶιιίιιιὶιιιιι
505 1521 686 1615 ιιιιιιιι
719 1525 788 1613 Ea,
823 1550 905 1620 quae
923 1552 977 1594 sex
1004 1525 1136 1622 reliquis
1169 1535 1302 1628 scripto-

287 1629 374 1700 ribus
406 1627 536 1700 alicuius
565 1631 718 1720 momenti
749 1653 820 1698 esse
855 1631 1048 1717 videntur,
1033 1654 1208 1731 excerpta
1242 1663 1300 1710 suo
1391 1669 1392 1720 ς

287 1735 358 1818 loco
372 1734 572 1830 addidimus,
617 1711 720 1824 ¹Post
722 1759 868 1826 somnum
893 1703 1072 1832 quindecim
1102 1741 1168 1811 fere
1191 1766 1308 1812 saecu.

202 1859 205 1870 ·
286 1839 399 1940 lorum,
426 1838 611 1927 Cartesii
626 1839 863 1930 ΙιιΒιιιιοιιίι
886 1843 1020 1936 ingenia.
1038 1871 1150 1916 sanam
1167 1847 1301 1941 denique
1391 1861 1392 1932 ξ

228 1993 232 2018 .
284 1931 580 2038 meteorologiatu
570 1971 604 2012 ιιι
627 1941 724 2012 vitam
748 1963 954 2014 revocarunt.
978 1965 1010 2015 at
1038 1949 1149 2017 iterum
1173 1952 1301 2024 dormiit
1391 1957 1392 2030 ζ

83 2079 86 2099 ·
177 2073 185 2092 ι
240 2045 244 2060 ’
286 2051 328 2148 ad
350 2050 487 2118 medium
511 2074 626 2152 usqne·
634 2049 794 2119 saeculum
816 2067 961 2123 octavum
984 2051 1151 2136 decimum.
1196 2052 1300 2132 Deni-

222 2233 229 2254 Ι
287 2182 348 2276 quc
357 2165 484 2224 nostra
506 2170 608 2238 aetate
622 2139 730 2224 luri
700 2183 752 2226 vix
773 2182 925 2249 umquam
948 2170 1140 2276 exspectata
1144 2184 1173 2226 er
1164 2149 1297 2230 suffut-
1310 2203 1317 2214 =
1391 2219 1392 2234 ,

225 2291 226 2298 “
283 2261 324 2330 sit
346 2287 385 2328 ex
407 2259 577 2328 recentiore
599 2255 695 2330 totius
719 2259 870 2354 physices
887 2261 1073 2330 tractatione
1097 2278 1128 2330 et
1150 2285 1296 2356 praeser-

280 2366 338 2434 tim
354 2363 588 2434 Germanorum
603 2363 831 2433 Alexandri
853 2363 895 2432 ab
909 2365 1137 2434 Humboldt
1152 2367 1294 2438 etheo-

281 2472 412 2568 poldi
423 2495 442 2538 a
464 2468 572 2538 Buch
602 2472 715 2540 merita
743 2471 863 2568 posteri
893 2470 974 2539 iusta
1005 2469 1099 2540 laude
1134 2471 1295 2540 extollent.
1391 2519 1392 2524 ι

279 2574 370 2661 Nos,
393 2592 428 2644 ut
449 2575 618 2662 hre'viter'
608 2577 726 2696 incepti
755 2577 861 2672 operis
892 2575 1059 2645 consilium
1088 2603 1294 2672 exponamus,

161 2726 168 2730 -
274 2681 356 2780 nihil
379 2679 542 2760 aliudr
488 2681 542 2772 agi
543 2707 619 2764 mus,
643 2679 706 2772 uisi
727 2697 762 2750 ut
783 2698 924 2752 veterum
936 2675 1130 2774 scriptorum
1143 2683 1181 2750 de
1196 2680 1294 2792 plrae-

277 2787 421 2858 nomenis
446 2786 540 2862 ae'riis
564 2785 736 2856 sententias
768 2803 800 2856 et
823 2787 1063 2874 obseruationes
1094 2781 1292 2880 colligamus,

277 2917 515 2988 componamus,
547 2889 727 2982 digeramus
751 2909 784 2960 et
807 2918 901 2986 quem
924 2919 1033 2962 verum
1064 2893 1158 2958 etiam
1181 2909 1293 2970 nostra

241 3013 246 3017 “
276 3009 378 3068 aelate
408 2997 544 3065 fructum
578 3020 616 3062 ex
646 2993 737 3065 hisee
764 2997 973 3092 opinionibus·
995 2995 1157 3090 percipere
1185 2997 1290 3090 possi-

274 3129 353 3198 mus,
377 3100 551 3170 luculenter
573 3099 836 3171 demonstremus.
882 3103 992 3203 Itaque
1009 3117 1123 3193 'neque
1151 3101 1288 3196 philolo-

272 3211 427 3303 g'i's3·com
445 3205 723 3278 ,multis'vetertim
747 3203 1038 3326 scriptorumsloeis
1052 3203 1171 3274 ¹noveru
1187 3206 1290 3276 lucem
1347 3287 1350 3294 .

273 3341 311 3402 ex
334 3313 432 3383 hisce
442 3309 712 3410 disquisitionilius
735 3313 884 3404 affulgere
914 3337 979 3379 non
1004 3310 1064 3395 sit,
1088 3306 1173 3404 qiiod
1196 3312 1288 3380 dubi·

272 3413 331 3528 ιιι,
351 3445 456 3510 neque
471 3416 623 3514 physicis
647 3445 718 3486 cum
733 3371 831 3486 multii
846 3415 1016 3484 memoriae
1041 3413 1139 3510 digna
1162 3433 1285 3509 veteres

271 3508 469 3623 prodiderint
490 3549 593 3644 neque
617 3524 733 3608 omnia,
758 3546 838 3616 quae
861 3520 970 3622 ipsis
955 3537 1032 3589 nota
1055 3538 1154 3605 eraut,
1178 3547 1285 3616 recen-

270 3631 437 3706 tioribus
427 3628 603 3712 innotuisse
620 3629 808 3710 videantur,
831 3648 951 3720 neque
964 3611 1102 3718 denique
1131 3601 1285 3699 historiae
1391 3669 1392 3690 ι

179 3751 191 3806 ’.
214 3799 216 3806 A
246 3802 249 3809 ,
269 3735 451 3818 cultoribus,
475 3759 546 3802 cunr
567 3731 718 3824 quaestio
736 3755 833 3826 saepe
857 3731 1154 3826 diuquerventilata
1177 3747 1286 3810 utrum

181 3903 183 3919 ,
269 3840 353 3918 aleris
377 3855 488 3923 status,
511 3851 675 3930 terraeque
699 3837 848 3922 camillo
872 3836 1189 3922 coniuncta'conditio
1213 3865 1285 3910 mu·

266 4051 798 4125 26)1mmoeun0bnmttunibust
876 4119 878 4126 ,
906 4075 918 4126 j
966 4086 969 4098 ‹
