2788 4814
634 294 674 354 .'
712 297 938 368 DeZonrs.⁸
984 283 986 291 ¹
1061 299 1072 324 ⁶

701 842 843 960 utu⁴
875 859 957 980 ιιι.

523 1141 526 1146 ¹
619 1019 1030 1159 Olinralologia.

617 1267 667 1349 μ’
762 1223 978 1316 §15091

692 1346 933 1418 DeZorris.
1125 1351 1148 1384 ¹*

407 1465 476 1560 Iam
506 1491 547 1558 ad
576 1489 672 1560 illam
694 1490 839 1586 opusculi
865 1506 989 1592 partem
1020 1471 1214 1573 accedimus,
1242 1488 1315 1556 cuius

320 1605 538 1690 argdmentum
560 1592 672 1690 procul
702 1595 800 1664 dubio
827 1597 957 1676 maximi
987 1621 1055 1664 esse
1083 1593 1238 1664 momenti
1263 1591 1314 1662 cui-

319 1703 365 1770 vis
389 1701 555 1770 videbitur.
585 1701 716 1793 Agitur
744 1701 827 1768 enim
851 1703 890 1770 de
915 1702 1114 1796 quaestione,
1141 1717 1246 1770 utrum
1268 1693 1316 1764 soli

284 1813 291 1824 “
317 1809 464 1900 aerisque
486 1805 655 1900 temperies
678 1807 712 1874 in
735 1807 871 1902 singulis
887 1824 989 1876 terrae
1012 1805 1090 1876 locis
1114 1805 1154 1874 ab
1179 1804 1235 1874 illa
1255 1797 1316 1871 inde

315 1930 427 2016 aetate,
451 1939 487 1980 cx
511 1937 572 2006 qua
595 1910 671 1980 libri
700 1913 877 2010 scriptiad
900 1939 959 2012 nos
983 1926 1206 2008 pervenerunt,
1228 1923 1316 1976 muta·

262 2033 263 2038 ’
314 2018 418 2084 tiones
451 2016 597 2098 subierit,
634 2041 676 2084 an
700 2043 804 2087 secus.
849 2019 897 2088 Ut
925 2019 983 2086 rite
1020 2034 1051 2086 et
1078 2033 1163 2085 certo
1194 2015 1316 2110 quodam

235 2159 240 2170 ⁵
315 2122 428 2196 ordine
451 2120 707 2240 progrediamur,
739 2111 954 2192 necessarium
976 2123 1104 2243 qqidcm
1126 2121 1221 2190 nobis
1244 2119 1317 2187 ride·
1356 2141 1357 2152 ¹

316 2243 376 2312 t,ur
400 2249 502 2320 pauca
524 2227 741 2320 praemittere,
766 2227 879 2321 quihus
904 2227 1077 2323 exposituri
1099 2251 1224 2312 sumus,
1255 2224 1317 2318 quid
1356 2291 1357 2300 ,

317 2333 355 2400 de
380 2331 462 2399 a'cris
485 2346 518 2398 et
545 2327 619 2416 soli,
643 2331 741 2400 maris
764 2349 796 2402 ct
818 2332 951 2402 sontium
975 2333 1138 2428 temperie,
1161 2331 1262 2426 deque
1282 2327 1317 2396 di-

316 2461 410 2507 verso
440 2432 615 2505 diversis
604 2464 638 2504 m
665 2437 743 2506 locis
768 2437 881 2508 caloris
905 2454 937 2508 et
955 2427 1082 2530 frigoris
1109 2437 1213 2528 grqdu
1242 2433 1317 2526 cogi

315 2539 452 2612 taverint
483 2556 619 2608 veteres:
656 2558 690 2610 at
712 2542 857 2638 nolumus
882 2545 989 2628 statim
1011 2543 1045 2616 iu
1067 2535 1160 2618 initio
1187 2557 1319 2620 nostram

188 2638 190 2645 '
229 2671 235 2678 ’
316 2647 355 2714 de
383 2644 439 2713 illa
463 2643 645 2741 quaestione
669 2630 856 2716 sententiam
880 2664 981 2719 tacere
1006 2647 1141 2732 idcirco,
1171 2647 1320 2746 quianon

314 2773 428 2844 pauca,
450 2747 533 2816 lacta
554 2751 773 2844 responsione,
806 2753 975 2824 disertiora
992 2769 1026 2833 et
1054 2753 1263 2850 luculentiora
1282 2751 1319 2818 le

252 2855 278 2960 Ἰ
313 2853 458 2946 gentibus
473 2853 710 2975 apparebunt
698 2855 962 2928 Arltitramur
942 2859 1035 2944 enim,
1058 2859 1086 2928 si
1109 2885 1232 2952 paucae
1253 2855 1320 2928 ittae

285 3039 290 3046 .
311 2957 516 3064 excipiantur
518 2959 719 3047 mutationes,
743 2990 823 3059 quae
838 2989 858 3032 a
872 2979 992 3033 mutata
1005 2964 1149 3034 locorum
1171 2981 1205 3032 et
1226 2961 1318 3056 regio·

312 3089 389 3134 num
412 3052 592 3132 conditione
614 3069 804 3162 repetendae
828 3085 916 3154 sunt,
946 3070 1057 3138 eodem
1082 3067 1188 3137 medio
1214 3064 1320 3137 coloris

313 3168 417 3261 gradu
447 3167 582 3260 gaudere
611 3187 744 3260 terram,
776 3187 838 3270 quo
861 3175 999 3246 Homeri
1025 3189 1146 3258 aetate,
1185 3168 1321 3270 quod
1299 3194 1321 3235 st

312 3271 422 3366 paullo
451 3271 657 3344 confidentius
686 3278 775 3374 loqui
801 3273 967 3366 vellemus,
996 3278 1133 3364 victricia
1160 3277 1321 3373 proditura

243 3381 276 3400 ““
313 3395 385 3446 esse
407 3395 536 3447 nostrae
558 3382 731 3454 sententiae
755 3403 939 3482 argumenta
960 3382 1114 3480 persuasi,
1141 3383 1187 3452 ita
1209 3381 1320 3452 fortas·

310 3507 347 3551 se
364 3483 602 3580 exprimendum
618 3485 688 3560 esse
705 3492 896 3576 duceremus,
919 3489 1041 3565 nullam
1057 3513 1158 3582 neque
1174 3487 1209 3556 in
1232 3485 1321 3568 ae'ris,

312 3615 415 3694 neque
448 3589 481 3658 in
516 3586 577 3656 soli
610 3595 759 3688 temperie
794 3595 1000 3666 mutationem
1034 3593 1171 3685 subiisse
1207 3609 1321 3664 terram

310 3710 455 3762 nostram
485 3693 525 3762 ab
548 3692 604 3761 illa
620 3697 698 3774 inde
722 3717 837 3787 aetate,
865 3725 941 3794 qua,
971 3713 1047 3794 post
1072 3700 1233 3792 ingentem
1262 3693 1321 3763 rui·

311 3823 396 3883 uam,
424 3799 569 3883 formam,
598 3825 660 3893 qua
682 3827 764 3877 nnnc
786 3807 913 3900 gaudet,
937 3821 1040 3873 terrae
1064 3802 1248 3896 superficies
1273 3824 1320 3868 ac·
1356 3819 1357 3836 ¹

312 3903 443 3998 ceperit.
501 3903 581 3987 Sed,
621 3931 666 3990 pe
695 3913 864 4000 grandiore
893 3935 948 3980 ore
972 3906 1119 4004 'prolerre
1147 3907 1321 3986 videamur,

231 4023 233 4034 “
312 4033 392 4100 quae
414 4023 500 4113 certo
522 4007 737 4088 fundamento·
757 4032 902 4100 careant,
934 4039 1013 4084 neve
1036 4013 1228 4100 inretiratae
1262 4009 1322 4080 cui·
