2788 4814
222 291 246 408 ἡ,
317 339 381 406 ote
613 297 626 378 ‘-
647 313 959 436 Delclimolnm

317 513 370 582 ne
408 513 533 584 eimau
568 513 719 610 seyuue
749 511 925 581 sanemus
962 465 1058 580 etiam
1095 525 1143 579 est
1158 509 1320 605 ¹nippe-

350 853 355 860 =
386 818 605 876 Sallustius:
634 835 733 872 more
750 816 936 872 Ponticum
955 813 1099 870 dulcius
1123 831 1227 886 quom
1247 797 1323 869 coe-

387 919 480 976 tera,
503 918 544 962 est
564 909 622 966 ltoc¹
636 923 743 976 quoque
761 905 932 972 testimonio,
957 903 1034 976 quod
1057 905 1082 958 si
1099 905 1130 958 in
1147 911 1265 958 Pontum
1282 905 1324 958 uel

325 993 328 1004 ⁴
386 999 485 1076 poleas
511 997 557 1050 vel
579 997 658 1067 ligna
676 1013 725 1048 seu
743 1009 924 1066 quaecunque
941 994 1000 1045 alia
1019 993 1152 1044 natantia
1169 993 1322 1062 proieceris,

337 1091 340 1099 ⁸
380 1083 466 1155 soros
488 1093 572 1138 extro
596 1089 716 1136 Pontum
739 1080 872 1149 seruntur
895 1081 926 1133 in
949 1077 1163 1150 Propontidem,
1193 1087 1274 1149 atque
1296 1079 1325 1130 in

386 1185 483 1238 mure,
509 1168 585 1244 quod
608 1169 690 1224 alluit
711 1171 798 1224 Asiae
817 1184 915 1232 oram,·
939 1183 1002 1219 cum
1026 1175 1131 1232 constet
1154 1165 1187 1218 in
1210 1169 1324 1217 Pontum

386 1262 506 1329 influere
529 1259 620 1312 moris
643 1275 768 1329 uquam,
801 1274 861 1316 non
883 1253 996 1328 effluere
1019 1251 1054 1307 de
1077 1259 1179 1306 Ponto.
1192 1245 1196 1250 ’
1210 1257 1322 1306 ‘neuros

386 1349 476 1413 enim,
501 1349 550 1418 qui
572 1345 661 1400 solue¹
672 1345 709 1400 de
728 1344 839 1400 Oceano
864 1351 990 1413 receptos
1006 1357 1098 1413 cquae
1115 1342 1147 1393 in
1163 1342 1255 1394 morio
1272 1358 1324 1393 no⁴

386 1445 447 1488 stra
470 1436 651 1502 transmittit,
676 1435 708 1488 in
721 1429 801 1503 freto
824 1431 1039 1494 estuantem,
1066 1425 1143 1500 quod
1159 1429 1320 1497 fflsponicm

388 1523 579 1596 Africamque
610 1523 757 1576 interiacet
781 1528 807 1571 et
830 1519 890 1570 sine
913 1515 997 1570 dubio
1020 1501 1172 1595 inundon'o
1194 1518 1255 1584 ipso
1276 1531 1320 1584 per

389 1613 578 1680 Hispaniense
601 1619 627 1662 et
649 1605 838 1665 ¹Gallicanum
861 1605 958 1659 littora
981 1607 1011 1658 in
1032 1604 1207 1677 lyrrhmum
1225 1599 1327 1671 prodit,

398 1701 453 1752 nde
471 1698 677 1754 Hadriaticum
700 1711 782 1750 more
797 1689 889 1763 jecit,
907 1703 942 1745 etr
963 1710 1017 1764 quo
1038 1691 1146 1746 dextro
1163 1693 1194 1744 in
1212 1689 1330 1743 Portlre-

335 1853 339 1858 ,
387 1787 482 1850 nium,
501 1788 585 1842 lma
602 1788 633 1840 in
651 1767 765 1856 Ionium
784 1790 810 1835 et
827 1781 953 1834 directim
971 1782 1002 1834 in
1019 1785 1144 1851 Aegeum
1162 1780 1267 1851 pergit,
1287 1788 1332 1831 ot-

342 1889 348 1908 *
388 1891 441 1946 que
467 1875 509 1928 ita
530 1862 842 1946 ingrediturseonnm.
882 1874 960 1938 Quae
973 1869 1070 1940 *igitur
1093 1869 1165 1920 ratio
1184 1865 1280 1936 fecit,
1304 1876 1333 1919 ut

306 1945 309 1954 ,
379 1961 502 2028 ¹rivatim
520 1978 613 2034 aquae
630 1960 667 2016 de
684 1957 892 2027 Pontofluont,
911 1973 976 2010 cum
986 1955 1068 2025 foris
1084 1956 1234 2025 influentes
1244 1972 1336 2025 apros

387 2049 495 2102 Pontus
513 2052 656 2121 accipiat?
690 2047 747 2103 Sed
765 2057 874 2102 constat
892 2057 1011 2116 utraque
1028 2045 1116 2108 intio,
1142 2061 1214 2096 nam
1238 2061 1335 2114 super-

329 2117 336 2142 ¹
383 2138 466 2205 ficies
489 2138 573 2192 Ponti
594 2145 711 2207 propter
733 2133 839 2190 nimias
864 2119 971 2206 oquae,
996 2149 1067 2204 quoe
1093 2131 1128 2186 de
1145 2140 1223 2184 terro
1241 2130 1336 2186 dulces

323 2246 326 2253 ·
387 2225 520 2294 influunt,
533 2224 622 2294 foras
639 2219 743 2296 effluit.-
767 2222 899 2276 deorsum
916 2240 981 2276 vero
999 2222 1072 2273 intro
1090 2197 1184 2291 pirgit
1201 2219 1336 2286 influxio.

394 2311 476 2366 Unde
489 2309 642 2382 probatum
662 2321 711 2377 est,
730 2312 871 2376 notantia,
893 2327 973 2380 qnae,
991 2319 1123 2380 utsupra
1135 2309 1202 2374 dixi,
1218 2309 1335 2363 'iaciun-

390 2409 437 2453 tur
455 2399 487 2452 in
504 2385 635 2466 Pontum,
646 2393 737 2468 form
751 2400 834 2468 pellis
850 2399 876 2451 si
893 2415 960 2452 uero
978 2398 1111 2451 columna
1129 2395 1274 2462 deciderit,
1290 2400 1331 2449 in-

197 2509 200 2522 ·
282 2543 289 2555 Ι
388 2497 520 2554 troreum
530 2489 645 2542 minari.
681 2493 717 2540 nt
735 2489 789 2540 hoc
805 2501 890 2560 saepe
906 2503 960 2537 usu
976 2483 1131 2557 probatum
1149 2495 1199 2552 est,
1221 2495 1251 2540 ut
1263 2502 1326 2555 gru-

389 2579 471 2630 vioru
494 2591 620 2648 quaeque
643 2577 675 2630 in
690 2575 788 2645 frendo
813 2565 1005 2645 Propontidis
1024 2575 1064 2626 nd
1090 2576 1172 2628 Ponti
1204 2574 1335 2628 interiore

388 2664 541 2734 pelluntur.
576 2665 656 2716 Haeo
673 2660 763 2717 verbo
782 2669 837 2716 tres
856 2670 972 2733 propter
988 2676 1089 2716 causas
1112 2671 1277 2716 memoratu
1294 2661 1336 2715 di-

389 2750 526 2822 gnissima
543 2758 619 2804 erint.
646 2751 724 2802 Turn
735 2749 812 2804 enim
831 2767 869 2803 ex
886 2747 923 2803 iis
942 2757 1028 2819 petet,
1047 2748 1125 2822 quod
1144 2749 1340 2806 demonstrare

390 2841 544 2903 volumus,
561 2853 627 2890 raro
646 2825 757 2890 tantum
775 2853 852 2892 mare
870 2837 1018 2892 Euxinum
1036 2835 1125 2891 luisse
1142 2841 1341 2912 congelatum,

330 2959 332 2966 =
388 2942 456 2981 oum
474 2925 576 2981 sinuo
594 2924 698 2997 quovis
717 2923 747 2986 id
766 2941 841 2978 anno
859 2924 965 2979 lentum
976 2933 1057 2991 esset,
1076 2923 1198 2991 nemini,
1219 2943 1262 2981 ne
1274 2929 1343 2980 Μι-

390 3010 516 3069 orobio
536 3011 673 3086 quidem,
683 3015 732 3068 vel
744 3012 768 3068 si
782 3013 893 3066 Tauri
907 3011 1076 3084 philosophi
1088 3007 1262 3069 auctoritate
1277 3007 1345 3070 usus

319 3107 326 3122 '
389 3109 479 3167 esset,
508 3098 689 3180 iumentum
706 3099 806 3155 venire
828 3099 983 3172 potuisset,
1008 3117 1068 3154 rem
1091 3115 1211 3171 negare.-
1236 3101 1346 3156 deinde

351 3221 353 3225 ·
379 3192 494 3268 elucet,
512 3195 622 3244 veteres
641 3185 774 3258 opinatos
791 3202 863 3252 esse,
881 3203 961 3241 mare
977 3179 1156 3260 Atlanticum
1174 3187 1345 3261 irruptione

388 3275 513 3351 quadam
537 3273 671 3330 interiore
695 3273 784 3327 meria
807 3274 844 3328 ed
868 3275 1003 3346 paludem
1020 3273 1148 3329 Maeotin
1165 3271 1265 3349 usque
1289 3277 1347 3332 lor-

386 3377 495 3428 masse,-
513 3360 639 3435 denique
655 3361 826 3436 intelligitur
842 3380 880 3417 ex
898 3362 943 3430 iis,
962 3379 1022 3418 non
1040 3363 1171 3437 ignotum
1181 3361 1283 3420 suino
1297 3383 1347 3418 an-

386 3447 492 3526 tiquis,
517 3447 629 3524 quoties
652 3447 685 3502 in
702 3448 775 3503 mari
799 3448 908 3504 flumen
924 3450 1044 3525 aliquod
1062 3448 1246 3515 observetur,
1270 3451 1349 3507 inle-

387 3539 449 3594 rins
466 3533 587 3592 existere
603 3535 746 3591 contrarie
764 3530 921 3592 directione
938 3547 1063 3611 raptum.
1091 3541 1135 3592 De
1152 3535 1280 3594 duabus
1297 3559 1351 3611 po-

388 3621 554 3681 sterioribus
570 3621 655 3679 robus
674 3627 816 3696 nonnulle
838 3625 985 3680 monenda
1008 3625 1092 3680 dnoo.
1129 3627 1240 3680 Omnes
1264 3637 1352 3684 vete-

388 3714 436 3769 res'
458 3710 610 3783 scriptores
632 3726 667 3765 ea
689 3709 722 3764 in
744 3727 775 3766 re
798 3711 994 3781 consentiunt,
1018 3712 1143 3768 Africum
1167 3713 1352 3770 vehementi

325 3831 330 3838 -
389 3797 517 3874 quodem
533 3797 601 3855 sive'
613 3797 700 3853 meris
716 3799 861 3854 undarum
878 3797 998 3875 impetu,
1015 3799 1078 3856 sive
1089 3807 1179 3856 terroe
1197 3781 1297 3856 motu
1319 3799 1353 3856 ab

391 3889 506 3958 Eruops
523 3902 584 3941 esse
602 3879 770 3957 disruptum.
807 3887 878 3957 (cir.
897 3889 1018 3954 Senon.
1038 3893 1151 3958 (tuaest.
1170 3899 1285 3943 natur.
1301 3891 1354 3953 Vl,

391 3981 434 4038 29.
460 3977 628 4047 Pompon.
646 3976 726 4030 Mel.
746 3976 768 4041 1,
787 3976 814 4028 5.
836 3976 956 4030 Volet.
976 3975 1089 4028 Fleuo.
1110 3977 1133 4042 1,
1151 3976 1233 4044 587.)
1260 3979 1355 4034 Cor-

391 4078 451 4118 reo
468 4060 511 4114 do
528 4059 633 4116 Serra
657 4062 751 4132 (opud
768 4067 914 4148 Dureau
932 4061 974 4118 de
991 4063 1025 4116 lo
1043 4039 1155 4120 Molle
1174 4063 1357 4138 Gtogroptr.
