2788 4814
402 329 636 414 cqunrisin
659 338 773 400 edre.
921 371 924 386 ·
973 338 985 422 j
1031 339 1096 420 215
1156 387 1159 396 .

28 509 235 578 Seneca
248 498 289 592 ).
332 503 433 574 Putat
453 507 538 577 enim
551 505 690 576 mediam
705 507 962 602 atmosplmerae
957 523 1096 602 partem

26 605 27 610 ἵ
86 635 155 682 esse
193 610 467 706 temperatiorem,
506 613 535 680 si
569 611 703 681 summis
734 612 868 710 imisque
901 607 1092 696 conserano,

28 709 235 812 mantum
264 713 307 784 ad
332 713 502 785 siccitatem
495 715 779 823 tenuitatemque
789 716 962 812 pertineat,
990 732 1093 787 caete·

82 845 151 892 rum
177 835 312 914 utraque
337 833 430 914 parte
452 843 524 890 esse
546 819 753 915 frigidiorem.
797 822 984 915 Superiores
1008 821 1094 892 enim

82 927 147 997 eins
180 941 287 1022 partes
317 923 455 994 calorem
484 925 661 1000 vicinorum
691 924 830 995 sidemm
858 927 993 1012 sentire,
1027 926 1093 994 ima

81 1054 206 1125 quoque
228 1045 335 1124 tepere
356 1045 425 1098 tum
446 1047 577 1124 propter
599 1047 752 1115 leprarum
775 1029 917 1117 halitum,
942 1055 995 1125 qur
985 1029 1090 1100 mul·

79 1149 146 1205 tuin
167 1157 275 1204 secum
295 1131 392 1204 calidi
413 1134 541 1222 dierat,
574 1127 688 1205 deinde
705 1135 791 1231 'qnia
819 1135 902 1206 radii
935 1135 1013 1204 solis
1040 1160 1091 1204 re·
1193 1203 1197 1210 .

78 1240 233 1336 pliceutpr
265 1253 298 1309 et
325 1263 490 1334 quousque
518 1239 622 1310 redire
648 1240 775 1334 possint
804 1239 958 1334 replicato
986 1239 1091 1310 calore

79 1343 246 1439 benignius
278 1342 423 1425 foveant3
461 1343 607 1438 denique¹
625 1343 683 1412 illo
706 1344 833 1438 spiritu,
862 1344 916 1440 qui
944 1342 1091 1414 omnibus

78 1447 268 1520 animalibus
291 1445 491 1542 arbustisque
506 1448 591 1518 salis
614 1446 736 1520 calidus
759 1449 802 1517 sit
822 1448 952 1533 infusus,
975 1448 1089 1542 quibus

79 1554 184 1624 causis
207 1553 298 1648 ignes
321 1551 411 1621 addit
433 1569 500 1622 tum
522 1577 625 1627 mann,
640 1553 759 1640 factos,
788 1570 854 1622 tum
877 1553 967 1626 terris
990 1576 1089 1646 oper-

76 1675 129 1728 tos
151 1683 217 1728 nou
238 1655 354 1741 minus,
378 1679 473 1750 quam
495 1656 529 1728 in
551 1657 738 1728 abscondito
760 1655 942 1754 flagrantes.
985 1694 989 1703 »
1060 1719 1062 1728 .

522 1871 552 1956 s.
577 1871 633 1943 53.
722 1905 724 1912 ·

265 1993 333 2062 De
353 1992 447 2062 nr've
468 1993 671 2062 montium
694 2003 891 2064 aeterna.

79 2163 93 2186 ⁰
120 2195 122 2206 ι
163 2129 263 2208 Χιῶν
293 2131 457 2206 οὐδέποτε
485 2133 564 2207 ἔνια
592 2134 657 2232 ὅρη
679 2138 831 2208 λείπεται
852 2136 898 2204 ait
919 2121 1087 2202 Aristo-

36 2237 40 2244 ’
71 2239 172 2312 teles
187 2244 226 2328 ¹),
250 2239 336 2316 cuius
360 2238 572 2334 phaenomeni
594 2263 723 2309 causam
744 2264 811 2311 nou
836 2239 968 2326 addidit,
992 2251 1088 2333 quarn

68 2363 182 2418 tamen
207 2343 328 2427 nullam
358 2342 456 2414 aliam
480 2369 553 2415 esse
575 2360 678 2446 patet,
707 2367 803 2438 quam
830 2345 902 2438 quia
931 2343 1088 2414 montium
1119 2381 1124 2392 ,
1217 2343 1220 2352 '

67 2452 204 2524 illorum
225 2450 390 2520 cacumina
412 2465 577 2544 tantopere
598 2473 619 2518 a
641 2464 744 2519 terrae
766 2450 934 2542 superficie
957 2449 1087 2535 distant,

66 2571 106 2629 ut
138 2555 181 2625 ad
211 2553 414 2624 illam-auis
436 2553 612 2649 ‚regionem
639 2551 850 2641 adscendaut,
880 2553 914 2622 iu
941 2577 1006 2648 qua
1034 2552 1088 2622 nix

65 2660 127 2732 ubi
141 2656 303 2741 deciderit,
322 2655 477 2752 liquefieri
491 2660 609 2752 nequit.
644 2655 731 2727 *Eius
747 2657 835 2727 modi
848 2657 1007 2729 montibus
1030 2659 1087 2728 ad·

67 2761 290 2846 numerandos
319 2783 391 2832 esse
418 2759 615 2848 Caucasum,
644 2761 745 2856 Alpes
776 2761 976 2850 Helveticae,
1003 2763 1086 2832 alios

68 2879 188 2940 notum
224 2873 285 2938 est.
337 2863 486 2936 vertices
518 2865 656 2936 Caucasi
689 2865 792 2952 hicme
817 2869 986 2962 conscendi
1021 2869 1088 2938 ιιοιιΙ

8 3048 25 3064 q,
68 2999 189 3073 posse,
224 2971 362 3042 allinunt
393 2970 601 3055 Strabo¹);
639 2988 760 3042 aestate
790 2987 901 3044 tamen
933 2955 1086 3042 scandere

66 3077 213 3164 incolas,
230 3059 375 3172 pedibus
399 3075 595 3168 subligantes
618 3078 741 3147 calceos
770 3078 885 3149 acrdeis
917 3075 1085 3148 irrsunmos

25 3236 29 3244 .
66 3209 155 3282 eque
177 3198 304 3276 tergore
325 3181 418 3252 bovis
441 3182 537 3252 crudo
559 3182 735 3303 confectos,
762 3181 849 3251 latos
880 3184 984 3251 instar
1005 3198 1086 3276 tym-
1100 3221 1103 3233 ⁴

65 3311 253 3388 pauonum,
283 3302 318 3356 ut
345 3286 457 3358 m'elius
486 3312 547 3382 per
569 3287 657 3358 nives
680 3285 876 3382 glaciemque
899 3286 1087 3356 scandentes
1160 3289 1164 3298 ⁴

65 3397 188 3468 serane
232 3387 359 3460 Deinde
373 3390 486 3462 addit⁸
488 3392 551 3480 ),
541 3420 575 3462 ιιι
597 3391 728 3463 traiectu
749 3393 903 3464 montium
925 3408 1009 3462 totos
1032 3413 1086 3464 co·

65 3498 202 3567 miratus
208 3495 373 3566 interdum
389 3495 514 3567 nivibus
536 3497 696 3586 montanis
720 3499 893 3584 absorberi,
917 3523 944 3565 sr
935 3495 1088 3591 quaudo

86 3737 133 3824 3)¹
151 3759 264 3820 Quneet.
281 3751 408 3812 natural.
417 3751 452 3819 11,
472 3760 515 3810 ιο.

90 3859 127 3926 1)
152 3855 415 3928 Ριοῠὶειιι.ΧΧἮ,
435 3864 479 3916 15.
499 3877 527 3930 p.
538 3857 601 3938 9d2,
621 3877 646 3912 a.

88 3964 129 4035 2)
152 3964 205 4018 xl.
224 3979 254 4036 p.
265 3961 326 4021 606.

94 4071 330 4141 vnum
438 4077 441 4086 '
