2806 4814
249 317 258 388 ‘s
289 296 332 360 62
376 255 377 264 i
415 278 450 300 '¹
501 322 504 329 ·
581 281 1007 354 Ventorumtdeorio
1048 279 1086 324 '¹
1120 293 1122 304 '

287 493 375 538 ream
404 464 531 559 quidem
559 456 773 554 frigidumet
792 457 956 530 humidum
981 435 1120 555 spirare,
1152 460 1226 555 quia
1256 459 1301 528 ab

288 575 355 644 eius
376 570 464 640 inodi
486 557 565 637 loeis
587 548 708 636 feratur
730 566 824 636 etad
846 565 917 634 loca
946 582 1100 658 permeet,
1129 589 1209 660 quae
1240 565 1301 634 Sol

231 704 233 717 ·
289 705 355 750 non
381 675 548 772 pervadat,
580 695 682 786 neque
710 677 784 738 atre
804 669 967 739 exsiecato
989 669 1158 751 humorem
1182 669 1303 738 ebibat.

214 845 217 866 ,
294 785 374 852 lude
396 777 546 874 proximis
575 755 705 869 quidem
727 768 775 845 illi
797 774 930 868 regioni,
953 776 1035 844 unde
1057 776 1164 870 spiret,
1186 757 1302 842 incolis

289 884 529 980 frigidissimum
557 904 639 965 esse,
670 879 798 949 minime
828 905 905 949 vero
944 879 1174 965 remotissimis.
1234 881 1303 948 Au·

187 1027 190 1038 ⁴
254 1009 388 1060 =strum
404 983 527 1082 quoq'ue
542 1010 570 1053 a
585 983 664 1054 locis
678 1002 791 1058 natura
807 977 959 1082 Aquiloni
987 984 1142 1058 similibus
1167 986 1302 1081 spirare.
1394 1061 1395 1072 Ρ

236 1131 238 1136 ’
290 1099 374 1168 Cutu
396 1094 480 1173 enirn
502 1091 542 1158 ab
565 1090 706 1180 australi
721 1115 778 1160 axe
793 1091 860 1161 det
870 1105 901 1160 et
924 1117 944 1160 a
965 1090 1038 1158 nive
1060 1089 1169 1177 multa,
1191 1089 1321 1182 glaeie,

264 1201 456 1292 'validoque
479 1193 551 1288 gelu
573 1172 722 1288 prodeat,
742 1183 978 1292 nusquitan,
1011 1194 1064 1288 qui
1085 1219 1187 1290 prope
1210 1195 1303 1264 babi-

289 1321 374 1389 tent,
402 1303 501 1372 talem
528 1298 648 1392 spirare
678 1295 853 1387 contendit,
880 1301 1019 1396 'qualem
1049 1300 1143 1368 nobis
1171 1301 1313 1370 boream'

138 1427 139 1436 ’
212 1423 247 1467 ι’
289 1409 365 1479 flare
389 1425 519 1494 neeesse
542 1403 595 1472 sit.
641 1403 781 1494 Quando
805 1431 880 1476 vero
902 1432 961 1501 per
992 1403 1070 1476 solis
1098 1429 1243 1474 accessus
1270 1405 1304 1473 in
1394 1419 1395 1434 ¹

262 1514 455 1584 'meridiem
489 1511 602 1604 spiret,
632 1509 784 1580 exhausta
807 1535 827 1579 a
829 1510 969 1582 sole
941 1527 1013 1582 ems
1030 1509 1228 1596 humiditate,
1255 1535 1305 1578 re·

94 1652 105 1675 ι
183 1637 188 1657 ’
289 1621 437 1724 siccatum
456 1639 628 1699 rarescere,
654 1615 790 1710 ideoque
813 1615 934 1694 calidus
958 1631 990 1684 et
1011 1615 1127 1686 siccus
1120 1615 1178 1683 ad
1201 1615 1303 1684 Grae·

214 1775 217 1784 ,
290 1711 374 1794 ciam
392 1720 569 1818 perveniat,
590 1739 723 1790 necesse
739 1745 827 1806 esse,
850 1708 1098 1841 proindeque
1068 1719 1178 1790 vicinis
1200 1717 1310 1814 regio·'

290 1830 383 1898 nibus
416 1825 550 1906 eandem
581 1823 646 1892 vini
678 1821 813 1894 calidam
843 1843 876 1894 et
906 1827 1021 1896 siccam
1049 1853 1087 1895 cr
1117 1827 1305 1896 necessitate
1360 1909 1362 1914 ,
1394 1855 1395 1870 ι

289 1933 471 2028 impertiret
501 1930 535 1998 id
566 1929 651 2024 quod
682 1929 716 1998 in
744 1929 846 2025 Libya
867 1924 982 2017 saciat,
1009 1953 1157 2013 cumea,
1182 1953 1304 2026 quaee

103 2033 105 2040 '
153 2092 157 2100 »
229 2033 233 2038 ’
291 2055 376 2112 terra
392 2049 577 2120 nascantur,
604 2033 735 2104 humore
754 2035 865 2124 ,riativo
887 2038 991 2130 privet
1012 2053 1043 2130 et
1064 2033 1212 2106 homines
1234 2061 1303 2105 sen·
1394 2105 1395 2112 ,

290 2144 351 2212 sim
372 2139 550 2236 sensimque
573 2140 716 2210 exsiccet
761 2135 849 2208 Nam
875 2169 946 2211 ιιιιιι
968 2169 1070 2236 neque
1093 2167 1110 2210 e
1133 2141 1223 2226 mari,
1246 2161 1302 2210 ne-

293 2273 353 2344 que
377 2251 397 2317 a
419 2244 514 2314 fluvio
538 2245 677 2339 quodam
699 2247 819 2316 maiore
837 2245 1006 2316 'humorem
1028 2243 1169 2341 accipere
1190 2247 1305 2340 possit,

227 2398 230 2408 -
292 2377 444 2446 exsugere
460 2377 531 2420 eum
555 2374 647 2444 quasi
637 2348 837 2420 humiditat
825 2368 889 2420 tem
911 2377 950 2422 ex
972 2351 1183 2420 ammantibus
1214 2350 1305 2455 plan·
1394 2361 1395 2382 *

286 2461 405 2565 tisque.
445 2456 519 2526 Ubi
548 2479 624 2524 vero
648 2479 735 2524 mare
757 2457 931 2540 transierit,
963 2482 1034 2525 cum
1061 2456 1180 2525 calidus
1210 2456 1304 2524 mini-

271 2590 404 2658 -meque
428 2563 545 2630 densus
567 2559 688 2644 existat,
702 2561 810 2630 multa
833 2587 904 2630 eum
926 2561 1111 2631 humiditate
1133 2561 1305 2654 regionem,
1394 2575 1395 2578 ’

176 2733 178 2738 .
228 2751 230 2757 ¹
281 2671 335 2762 ‚ad
357 2693 453 2764 quam
476 2663 594 2748 tendat,
617 2664 760 2758 implere,
771 2667 917 2788 ideoque
941 2683 1053 2737 auster
1069 2664 1189 2737 calidus
1213 2666 1253 2734 sit
1277 2683 1308 2738 et

290 2773 439 2858 humidus
470 2793 600 2880 necesse
630 2785 718 2854 esse,
746 2771 809 2840 nisi
831 2771 999 2866 regionum
1029 2773 1110 2842 situs
1118 2769 1307 2866 probibeat

291 2879 387 2962 (ὅκου
414 2871 463 2974 μή
488 2907 557 2948 των
584 2885 722 2975 χωρίων
750 2907 788 2948 αι
781 2881 932 2957 ‘de'utcc
962 2883 1074 2950 αἴτιαί
1094 2871 1201 2958 suffoca)
1253 2877 1308 2946 Ad

290 2984 425 3054 eundem
446 3007 531 3051 vero
526 2985 677 3054 modum
700 2982 794 3053 etiam
807 2982 1005 3078 reliquorum
1019 2998 1186 3053 ventorum
1207 2964 1306 3054 iacul-
1394 2983 1395 2998 ¹

258 3155 263 3166 ,
290 3105 372 3160 tates
395 3113 429 3156 se
452 3075 579 3160 habere.
623 3088 751 3174 Deinde
774 3087 914 3158 affirmat
936 3103 1066 3172 ventos,
1097 3089 1210 3182 quiex
1237 3109 1317 3157 ma·‘

291 3195 334 3264 ris
341 3173 553 3286 regionibus
592 3194 781 3281 obveniant,
830 3192 976 3262 sicciores
1014 3192 1147 3263 existere
1191 3193 1306 3264 solere.

291 3296 413 3368 Nostra
450 3311 553 3368 aetate
579 3285 646 3368 sere
681 3299 868 3369 contrariam
904 3299 1094 3367 sententiam
1126 3317 1308 3396 proponere

291 3403 450 3473 solemus.
487 3420 570 3474 recte
602 3428 678 3472 vero
717 3429 751 3474 se
787 3404 907 3473 babent
951 3403 1182 3500 Hippocratea.
1228 3394 1308 3472 Non

152 3501 154 3508 ’
209 3585 213 3596 ,
290 3510 375 3577 ειιὶιιι
397 3509 435 3577 de
458 3509 630 3603 vaporibus
656 3523 762 3578 sermo
786 3526 845 3595 est,
872 3533 952 3604 quos
976 3510 1120 3580 sensibus
1142 3508 1307 3604 percipere
1341 3591 1347 3596 ,
1394 3591 1395 3598 p

284 3635 356 3682 ‚non
384 3635 573 3706 possumus,
605 3614 662 3683 sed
684 3615 725 3684 de
746 3638 830 3709 aqua
851 3613 916 3683 iarn
943 3614 977 3682 in
1003 3609 1160 3710 liquidum
1189 3630 1307 3682 statum

238 3732 242 3738 ·
291 3718 452 3786 redeunte.
479 3717 676 3812 'Vaporum-
702 3735 808 3788 autem
837 3721 1013 3814 quantitas,
1038 3720 1098 3790 etsi
1125 3721 1228 3788 maior
1256 3736 1308 3788 est
1377 3779 1382 3792 .

291 3821 486 3914 spirantibus
509 3821 613 3892 ventis
636 3824 786 3909 marinis,
817 3841 923 3896 tamen
945 3825 1130 3922 perfectiore
1152 3821 1249 3894 modo
1270 3823 1305 3893 in
1393 3861 1395 3874 ‹

244 3969 247 3979 ι
289 3933 364 3996 a'ere
391 3926 485 3996 soluti
514 3953 585 3997 esse
615 3946 709 4024 atquc
739 3929 843 3998 minus
868 3933 1016 4001 sensibus
1049 3929 1183 4026 percipi,
1203 3949 1302 4024 posse

213 4113 216 4120 1
290 4028 403 4118 solent,
428 4057 523 4126 quam
546 4033 617 4105 aliis
634 4035 735 4134 ventis
760 4035 918 4138 flantibus.
955 4035 1035 4106 Eos
1051 4051 1155 4106 autem
1178 4051 1301 4115 ventos,
