2796 4812
406 324 447 392 in
471 325 725 440 universum.
1003 325 1091 426 2105·

43 473 216 570 imbribus
232 501 360 569 aestivis
377 499 576 595 Aethiopiae,
599 499 761 586 fluminum
777 498 886 566 Indiae
900 497 1015 616 pluviis
1032 497 1074 569 bb

70 603 264 698 aquilonibus
288 613 408 680 aestate
426 605 663 700 provocatis⁴).
1076 631 1077 636 ¹
1184 595 1187 598 ¹

138 707 266 779 Plures
291 735 361 780 esse
383 711 537 782 interrae
556 709 721 804 superficie
742 699 898 812 regiones,
920 707 975 775 ubi
996 733 1075 776 uun·

68 835 158 905 quam
178 813 287 908 pluvia
310 815 476 900 decidat,
466 837 534 884 ram
545 831 665 883 veteres
689 829 886 886 censuerunt.
932 813 982 884 Ita
1004 813 1074 882 nul

68 966 274 984 -up———na-

291 1011 297 1034 b
1098 1019 1101 1030 ι

128 1043 212 1105 ‘enim
244 1047 274 1106 id
306 1053 423 1107 fortasse
450 1053 537 1106 etiam
565 1053 675 1106 ideireo
694 1043 778 1114 beri,
813 1049 885 1123 quie
908 1050 952 1104 sol
979 1048 1077 1106 hieme

131 1137 217 1207 terris
235 1137 353 1213 propior
371 1149 401 1194 et
418 1139 455 1194 ob
473 1139 502 1193 id
525 1141 633 1195 fontem
652 1137 713 1194 eius
731 1125 881 1204 minuens,
901 1145 970 1192 tuno
988 1136 1078 1192 altius

129 1223 225 1292 abeat,
252 1227 383 1300 sinatque
410 1227 568 1302 integrum,
595 1237 623 1282 et
647 1236 679 1281 ut
708 1221 921 1297 plen'is'simum‚
951 1240 1076 1296 surgere.

134 1311 193 1368 cfr.
214 1309 1077 1388 LindenbrogadAmmian.Mersellin.XXll‚1d·
1174 1346 1178 1355 ·

133 1417 164 1470 p·
182 1401 245 1457 362.
470 1421 474 1432 ·

80 1501 110 1574 lt)
135 1509 180 1559 lle
214 1501 330 1564 aestivis
362 1509 536 1580 Aethiopiae
563 1517 590 1564 et
618 1508 717 1566 Indiae
745 1503 885 1563 imbribus
912 1508 1077 1562 oonsnlator
1151 1571 1161 1592 Ι

131 1594 417 1667 Theophrastus·
431 1595 467 1650 de
485 1600 564 1652 eous.
580 1595 709 1666 plentur.
725 1597 780 1662 111,
795 1603 821 1661 3,
841 1603 868 1654 3.
886 1591 988 1666 plil-
1013 1595 1077 1669 Au·
1147 1636 1150 1650 .

131 1681 231 1743 strinis
256 1683 319 1752 (υἷι.
343 1693 440 1742 tamen
469 1687 565 1744 locunt
587 1682 748 1759 Diodori
771 1698 858 1756 supra
883 1679 1030 1736 laudatum
1049 1684 1076 1752 §.

134 1775 178 1832 15·
197 1779 257 1828 not.
269 1773 296 1838 8)
316 1767 457 1830 imbribus
475 1765 574 1828 Nilum
593 1769 717 1842 impleri,
736 1767 1006 1840 septentrionalibus
1025 1772 1078 1823 ln-

133 1853 214 1910 dioos
233 1854 350 1922 fluvios,
380 1856 552 1912 intermedia
570 1847 665 1914 auteur
684 1860 745 1924 leue
764 1853 905 1919 imbribus
918 1872 1013 1934 oarere
1030 1859 1079 1913 re-'

133 1942 189 2000 sert
205 1943 451 1999 Aristobulus
471 1945 547 2016 apud
567 1930 781 2006 Strabonem
802 1947 868 2002 XV.
888 1963 917 2016 p.
932 1946 998 2012 693,
1023 1962 1078 2000 ne-

132 2049 192 2106 que
220 2032 294 2086 inter
319 2032 464 2088 Thebaica
494 2051 585 2107 usque
621 2033 660 2092 ad¹
680 2034 796 2102 Syenen
821 2043 849 2088 et
874 2035 937 2087 loca
952 2035 1077 2093 ‘Maroae
1124 2039 1128 2056 ‘

131 2118 280 2190 proxima,
304 2137 398 2193 neque
416 2120 447 2173 in
467 2121 565 2174 Indiae
584 2119 712 2194 partibus
731 2136 747 2173 u
765 2122 909 2178 Pettalena
926 2121 1021 2222 ¹eisque
1039 2121 1094 2192 ed·

131 2206 296 2280 Hydaspins
312 2208 391 2288 gigni
410 2207 533 2288 pluvias.
574 2199 757 2279 Superiorem
779 2223 848 2268 vero
874 2225 920 2264 rea
905 2209 1019 2282 ionem
1046 2211 1078 2264 in

123 2291 207 2376 qim
199 2303 239 2350 et
256 2298 346 2366 pluat,
365 2298 459 2370 neque
477 2296 531 2352 nix
549 2295 645 2350 deesse
664 2293 769 2360 soleat,
782 2295 900 2366 perinde
918 2295 1013 2372 excoli
1031 2297 1078 2352 di-

123 2381 181 2457 eir,
201 2385 396 2456 atquealiam,
415 2393 543 2460 quaeest
561 2393 642 2438 extra
660 2383 781 2450 Indiam,
800 2399 865 2436 oum
886 2379 921 2440 ab
940 2369 1078 2452 imbrium
1110 2395 1121 2408 ·
1175 2407 1191 2424 ··

55 2483 58 2490 '
131 2469 307 2546 niviumque
332 2490 436 2551 aqua
429 2473 617 2546 humectetur.
658 2468 859 2528 Alexandrum
879 2474 980 2524 tamen
1003 2474 1079 2527 ultra

130 2559 284 2630 Hypanim
306 2555 417 2620 Indiam
444 2577 504 2620 ιιοιι
531 2556 711 2659 percurrisse,
739 2573 805 2612 cum
833 2557 978 2618 milites
964 2579 994 2612 ιιι
1021 2556 1078 2614 τῶν

38 2675 42 2688 ·
129 2641 279 2700 itidemst
263 2637 378 2716 εκιιμνον
397 2662 510 2728 σινεχοις
529 2641 648 2714 ὑόμενοι,
668 2643 794 2698 referunt
812 2639 946 2716 Strabo
964 2649 1031 2704 XV.
1049 2666 1077 2720 p.
1158 2691 1165 2704 ,

130 2735 195 2802 697,
219 2721 600 2799 Diod'oritsSioirlan,
619 2731 664 2790 [ιι.
685 2732 1079 2804 p.51,Arrianus1ndie.

129 2840 154 2876 c
170 2823 203 2879 6.
243 2820 368 2875 Etiam'
359 2839 390 2874 ιιι
414 2819 567 2874 Gedrosiae
591 2819 708 2875 desertis
733 2817 786 2875 sub
808 2819 948 2878 aestivum
966 2831 1083 2895 tempus

41 2931 43 2938 ’
129 2909 242 2963 imbres
268 2905 363 2962 delabi
387 2916 482 2962 narrat
506 2903 640 2962 Strabo*
657 2910 723 2964 XV.
742 2927 770 2979 p.
787 2915 854 2976 721,
880 2907 1023 2985 imprimis
1048 2910 1082 2965 lu

130 2991 331 3070 superioribus
352 3012 384 3049 ao
402 2989 596 3066 septemtrioni
615 2993 745 3050 obversis
763 2993 937 3096 regionibus,
957 2997 989 3050 ln
1007 2997 1084 3054 locis
1102 2977 1111 2996 ’

130 3083 295 3149 montanis,
325 3076 405 3136 unde
429 3079 596 3146 fluminibus
621 3082 710 3136 auctis
725 3081 831 3154 eampi
856 3083 929 3136 inari
952 3085 1081 3164 proximi

52 3171 57 3179 “
131 3172 289 3246 irrigentur
315 3181 343 3230 et
365 3171 505 3226 cisternae
530 3166 686 3224 abundent.
728 3168 851 3224 Arabiae
875 3168 1032 3250 denique'
1023 3189 1081 3226 rm-
1087 3173 1113 3221 'r
1191 3229 1199 3246 p

131 3260 200 3315 bres
226 3259 349 3314 aestivos
369 3247 574 3318 commemorat
592 3254 722 3312 Strabo
740 3259 859 3328 xmp
862 3258 941 3326 768,
961 3257 996 3312 de
1014 3259 1082 3332 qui-
1132 3251 1135 3261 ¹

131 3347 189 3403 bus
209 3346 293 3422 etiam
313 3347 499 3400 conferendus
518 3354 560 3400 est
578 3345 790 3400 Alexander
806 3345 1081 3416 Aphrodisien·
1085 3379 1088 3384 ·
1121 3403 1126 3414 ,
1146 3331 1147 3336 ¹

134 3437 195 3491 sis
209 3433 250 3490 od
268 3415 333 3488 libr.
344 3435 550 3505 lMeteorolog'
523 3451 576 3488 turc
596 3433 645 3486 sol.
658 3433 700 3499 86,
720 3431 748 3485 b.
769 3432 813 3486 ed
832 3434 955 3488 Aldin.
975 3433 1080 3489 Vener.

134 3529 219 3584 1527.
254 3521 395 3594 Denique,
414 3537 480 3574 oum
499 3519 535 3575 de
554 3520 732 3592 Aethiopiae,
752 3519 863 3586 lndlae,
882 3520 1031 3579 Arabiae
1022 3540 1081 3576 rru-
1143 3543 1147 3552 ·
1240 3531 1244 3544 ·

133 3597 238 3664 bribus
250 3608 425 3662 mentionem
438 3608 629 3676 iniecerimus,
648 3607 760 3663 silentio
781 3609 932 3690 praeterire
945 3611 1089 3688 noluimus·

134 3701 235 3753 locum
255 3694 419 3749 Diodori
428 3694 545 3750 Siculi
565 3697 614 3762 ll,
625 3698 669 3754 36.
690 3715 718 3768 p.
737 3695 802 3763 ldy,
823 3683 936 3750 ubibis
958 3713 1080 3767 peren

86 3807 89 3811 ·
134 3801 211 3839 rrum
235 3783 383 3854 pluvias
375 3801 408 3838 ιιι
428 3784 517 3838 lndia
533 3775 630 3838 delabi
655 3785 707 3852 ait,
738 3786 826 3840 semel
851 3781 915 3844 sub
936 3783 1079 3853 hyemem,
1160 3773 1185 3811 '⁴

134 3871 256 3947 quando
273 3868 359 3927 tritlei
376 3875 509 3928 sementis
526 3871 587 3928 fiat
612 3873 715 3926 iterum
734 3871 811 3926 cirea
829 3870 969 3924 aestivum
986 3869 1083 3926 solsti—
1162 3909 1166 3918 .

94 3963 107 3972 “
134 3961 230 4030 tium,
254 3959 285 4016 in
297 3959 382 4058 quod
401 3959 510 4028 orizae,
529 3959 662 4042 bospori,
681 3958 783 4016 sesami
802 3967 830 4013 et
850 3956 925 4012 milii
944 3951 1017 4040 satie
1030 3957 1082 4018 itt-
1160 3968 1162 3983 ¹
1222 4017 1228 4042 ‚

133 4047 223 4112 otest
365 4043 372 4092 i
454 4076 459 4088 =
523 4083 526 4089 =
574 4068 577 4099 ι
