2810 4814
260 508 264 520 ·
310 461 314 468 ’
376 417 673 614 ιιιοιοιιι
703 471 845 616 aa.

531 687 535 696 .

105 769 311 936 Quamvis,
337 849 426 922 quae
451 823 629 896 monenda
653 829 845 909 censerem,
872 819 910 890 in
927 817 1117 890 introduc-

102 959 198 1026 tione
231 925 316 1024 lruic
352 949 527 1042 opusculo
557 943 734 1038 praefixe,
769 953 939 1036 quantum
974 943 1120 1034 adsequi

52 1061 55 1068 ²
104 1051 268 1170 possum,
306 1075 439 1162 diserte
475 1069 695 1155 monuerim,
727 1089 843 1158 pauca
875 1077 994 1136 tamen
1026 1075 1120 1152 suut,

107 1201 196 1291 quac
213 1197 370 1292 praefari
396 1195 441 1264 ab
468 1193 619 1264 instituti
646 1191 764 1281 operis
789 1175 927 1259 ratione
951 1211 1025 1258 non
1051 1185 1120 1254 ab-
1170 1191 1171 1199 ’

105 1317 253 1394 horrere
270 1319 514 1392 indicaverim.
555 1311 701 1403 Duplici
718 1311 835 1380 ιιιοιΙο
861 1301 1027 1382 scientiae
1052 1333 1121 1378 na-

106 1445 229 1516 turalis
256 1415 352 1536 apud
379 1451 519 1514 vetares
546 1435 694 1528 historia
719 1436 866 1504 tractari
890 1444 1020 1546 potest,
1046 1435 1121 1504 sive

106 1569 279 1660 originem
305 1568 380 1636 eiua
397 1558 622 1656 explicando,
648 1579 785 1669 perque
811 1557 1034 1628 saeculorum
1060 1577 1124 1626 ae·-

39 1689 46 1698 ’
66 1776 73 1784 .
104 1691 196 1758 riem
214 1689 289 1759 eius
305 1687 524 1760 incrementa
540 1679 800 1774 persequendo,
826 1680 902 1750 sire
919 1679 1005 1772 quid
1022 1689 1121 1750 certo

106 1811 263 1912 quodam
289 1829 378 1880 aevo
403 1817 541 1878 veteres
567 1816 748 1916 praestare
773 1804 983 1905 ponderent,
1007 1804 1121 1895 siqui·
1152 1789 1157 1810 ’

107 1930 190 1998 dem
216 1933 343 2019 omnia,
370 1953 460 2022 quae
487 1929 593 2000 obvia
620 1938 733 2016 erant,
760 1926 974 2024 adminicula
999 1925 1121 2020 adpli-

105 2064 269 2142 cassem,
279 2052 501 2144 exponendo.
546 2049 734 2142 Equidem,
759 2049 919 2142 quamvis
944 2025 1072 2120 bene
1061 2073 1123 2120 m·-

105 2175 307 2245 tellexer'im
339 2185 526 2266 utramque
552 2175 727 2244 rationem
753 2195 826 2248 uon
851 2174 992 2275 penitus
1018 2195 1122 2284 posse

107 2299 244 2386 dirimi,
273 2299 513 2388 posteriorem
546 2295 819 2388 praeferendam
853 2297 941 2366 duxi
974 2295 1122 2385 idcirco,
1200 2365 1219 2396 f
1236 2347 1262 2392 .,

106 2423 190 2512 quia
223 2420 292 2524 lrac
328 2419 455 2488 melius
488 2422 564 2508 via,
598 2419 684 2510 quid
718 2430 841 2490 nostra
875 2422 981 2490 etiam
1006 2429 1123 2490 aetate

107 2544 257 2613 alicuius
288 2545 327 2613 in
359 2528 614 2634 meteorologia
645 2543 815 2634 ponderis
841 2565 918 2612 esse
952 2553 1075 2634 queat,
1102 2566 1124 2612 a

108 2643 326 2758 reliquarum
362 2667 579 2762 opinionum!
594 2665 772 2756 ferragine
799 2651 977 2758 segregar'i
1003 2667 1123 2758 possit.

13 2865 16 2874 Α
109 2765 368 2878 Prolegomena
394 2790 495 2882 haec,
522 2788 650 2881 quibus
675 2789 722 2860 de
742 2790 995 2880 meteorologia
1019 2799 1125 2862 vete·
1208 2859 1213 2874 ,

107 2901 197 2979 rum'
216 2903 441 2982 Graecorum
466 2923 504 2981 et
531 2912 784 3002 Romanorum,
811 2913 923 3005 qualis
947 2923 1028 3005 post
1049 2912 1125 2983 Se·
1209 2955 1216 2974 ι

109 3057 262 3104 necem
295 3047 332 3106 et
365 3037 565 3108 Plinium
599 3039 729 3126 exponi
754 3037 937 3128 potuisset,
963 3037 1124 3125 disserui,

83 3168 296 3248 coquetur,
331 3181 438 3268 quam
470 3155 509 3254 in
540 3160 803 3256 introductione
829 3161 1012 3251 pollicitus
1034 3183 1125 3249 sum,
1185 3157 1189 3166 “

109 3249 474 3374 Meleorologieorum
491 3253 692 3357 Aristotelis
718 3281 839 3371 editio,
866 3285 1125 3353 commentariis
1166 3270 1168 3279 Α

108 3401 309 3492 uberrimis,
334 3427 428 3478 nova
452 3407 745 3498 interpretatione
769 3405 897 3496 latina,
923 3399 1022 3479 varia
1046 3418 1149 3478 tum,
1188 3417 1191 3428 ’

39 3608 43 3620 Ι
108 3525 293 3616 codicum,
334 3538 411 3598 tum
454 3523 634 3622 veterum
650 3529 845 3600 editionum
878 3529 1032 3600 lectione
1063 3531 1124 3600 iu-
1159 3559 1170 3572 ¹

109 3635 262 3718 structa:
291 3663 404 3742 opus,?·
418 3653 449 3722 ai
475 3651 562 3742 quid
586 3651 760 3742 intelligo,
784 3675 857 3730 non
882 3651 1007 3732 inutile
1023 3651 1126 3722 futu·
1213 3687 1221 3700 1

109 3792 202 3841 rum.
256 3771 385 3861 Erunt,
412 3777 473 3866 qui
498 3774 571 3844 tale
597 3783 760 3846 veterum
785 3777 917 3870 scripta
937 3775 1125 3867 explican-

109 3891 146 3961 di
164 3915 289 3984 genua,
315 3893 437 3990 iluali'
427 3920 503 4004 rpsa
521 3921 606 3968 ueua
632 3919 721 3986 sum,
739 3901 959 3991 vituperent:
986 3908 1023 3968 at
1039 3895 1127 3965 nul-

108 4011 184 4084 lum
210 4015 289 4114 sore
315 4028 437 4092 nostra
462 4029 577 4107 aetute
603 4021 826 4176 philologum
852 4045 969 4116 spero,
995 4020 1057 4114 qui
1074 4020 1126 4090 si-
