2806 4814
391 333 416 352 ''
442 347 731 424 Introdu'stt'o.
913 335 919 355 ¹
1051 347 1102 428 ¹¹¹³

94 537 226 606 tationes
249 531 387 617 subierit,
412 519 464 600 au
469 553 570 616 secus,
594 559 642 602 ex
635 519 794 600 veterum
810 517 1000 654 scriptoiqm
1022 534 1102 604 loeis
1176 531 1179 542 ’

95 659 163 734 apte
189 636 417 734 componendis
442 653 474 706 et
496 637 663 730 diligenter
679 637 898 732 perquirendis
913 639 1004 707 unice
1020 625 1103 708 solvi

93 762 192 884 queat,
215 747 387 838 ingratum
395 766 475 836 opus
488 741 664 821 inchoasse
689 767 867 837 speramus.

62 929 69 940 .
130 851 228 920 De
249 849 383 946 ratione,
406 874 534 970 quam
519 850 567 926 in
581 847 776 956 coqliciendo
792 846 868 932 boc
886 871 981 944 opere
1003 851 1103 921 secuti

91 940 225 1042 sumus,
248 954 299 1032 vix
321 950 447 1048 aliquid
471 933 646 1037 babemus,
666 937 777 1048 quod
795 954 993 1057 monendum
1030 981 1102 1024 esse

90 1085 282 1154 censeamus.
311 1058 461 1138 Forsitan
484 1057 609 1130 obiiciet
627 1057 720 1128 nobis
735 1057 851 1152 aliqqis
865 1062 1107 1179 grammaticus,
1176 1146 1180 1152 Ι

96 1147 230 1262 singulos
253 1149 345 1260 locos
366 1189 426 1244 nos
450 1189 516 1242 non
527 1164 636 1271 ,ἱειιίι
642 1155 752 1242 diffiise
768 1163 956 1250 interdum·
946 1182 1099 1262 interpre-

45 1285 47 1290 ’
92 1289 166 1340 tatus
194 1296 273 1354 esse,
301 1297 404 1365 neque
427 1251 587 1339 variarum
608 1257 780 1338 lectionum
793 1285 972 1364 respectum
986 1271 1100 1364 ubique
1171 1359 1174 1368 1

88 1371 246 1448 babuisse.
291 1374 352 1444 Isti
374 1373 624 1469 respondemus,
655 1399 725 1456 nos
733 1373 830 1454 bne,
820 1400 854 1452 ιιι
877 1374 1114 1458 ιιίιιιιιιειιίιιιιιιχ

81 1457 282 1601 nequaqpani
304 1480 549 1566 commentarios
565 1503 673 1572 neque
696 1479 731 1547 in
744 1479 977 1548 Aristotelicos
987 1481 1099 1568 libros,

76 1609 185 1683 'neque
208 1581 241 1655 in
266 1585 377 1654 alium
384 1574 578 1704 qqeqrquam
602 1585 809 1680 scriptorem
805 1569 1017 1654 conscribere*
1038 1613 1098 1656 ιιι-
1101 1610 1122 1666 ,ι

82 1685 206 1763 luisse.¹
237 1673 426 1758 Futurae
399 1713 427 1755 ει
439 1687 593 1782 permittit
606 1704 686 1755 vitae
708 1689 1011 1788 negotioruque
990 1692 1098 1760 condi-

15 1867 16 1880 ,
77 1796 157 1878 tio,
168 1794 241 1862 nisi
268 1818 288 1861 a
311 1782 461 1877 subsidiis
500 1789 571 1862 salo
604 1791 732 1864 iubente
768 1793 966 1894 resonamus,
969 1797 1098 1898 ipsos

82 1849 315 1968 Aristotelicos
343 1901 382 1967 de
414 1883 577 1966 meteoris
604 1896 730 2006 libros,
761 1873 889 2003 amplo
902 1926 977 2000 quo
995 1919 1098 2002 egpqt

40 2015 42 2023 ’
81 2005 307 2084 commentario
329 2004 500 2073 instructos
522 2004 557 2074 in
579 1995 696 2094 lucem
706 1955 827 2074 edendi
850 2006 1015 2108 consilium
1038 2007 1096 2076 ha-

82 2110 205 2178 bemus.
248 2108 394 2206 Physicis
418 2125 530 2195 contra
551 2109 688 2180 fortasse
713 2109 908 2206 displicebit,
939 2137 1000 2180 nos
1031 2139 1097 2184 non

82 2216 160 2286 satis
186 2215 302 2283 diserte
325 2240 421 2308 saepe
444 2231 585 2284 recentes
609 2216 648 2284 de
672 2215 807 2310 singulis
822 2216 917 2285 rebus
941 2233 972 2284 et
987 2219 1095 2310 cogni·

81 2321 183 2394 tiones
207 2335 238 2386 et
261 2319 427 2415 opiniones
449 2320 684 2416 promulgasse.
742 2320 802 2404 At,
829 2346 870 2388 ne
897 2319 972 2390 libr'i
994 2325 1094 2392 moles
1187 2319 1189 2326 ’

81 2425 174 2494 nimis
199 2440 411 2510 excresceret,
436 2449 474 2493 ea
496 2441 619 2510 tantum
643 2423 872 2514 delibavimus,
901 2425 1012 2518 quibus
1043 2453 1095 2497 ca·

81 2557 147 2600 rere
172 2528 260 2603 nullo
283 2529 379 2602 modo
394 2555 580 2650 possemus.
626 2528 765 2598 Fieri
735 2555 787 2597 ιιι
808 2543 932 2647 potest,
962 2531 1039 2624 quin
1062 2533 1095 2602 i'n

19 2675 21 2682 ⁴
81 2652 319 2708 tartarorum
316 2635 502 2722 varietate,
541 2637 713 2744 aliquando
752 2657 902 2702 somnus
911 2633 1094 2729 irrepserit;

80 2742 214 2834 quod
187 2765 216 2810 ss
238 2767 289 2810 me
306 2740 537 2808 dormitantem
554 2729 770 2861 deprehendat
791 2738 899 2823 lector,
915 2739 1092 2833 benignita-

15 2883 17 2894 ι
81 2862 150 2932 tem,
186 2849 215 2913 si
238 2869 358 2940 aequus
382 2861 447 2927 est,
470 2844 614 2938 precanti
635 2869 712 2913 uon
724 2843 901 2938 denegabit.
946 2845 1094 2939 Iniquum

65 2957 141 3019 'non
165 2950 301 3032 curabo;
325 2973 427 3018 vanas
453 2951 536 3018 enim
559 2951 691 3021 fundere
713 2966 835 3047 preces,
858 2972 924 3018 non
945 2950 1008 3018 fert
1026 2953 1101 3020 ani--
1181 3001 1183 3012 .

80 3081 156 3124 mres.
227 3051 285 3122 Me
322 3056 419 3148 igitur
447 3081 615 3149 utcumque
646 3049 980 3156 opusculumlectoriv
1007 3081 1114 3132 com-A

80 3163 210 3246 mend0‚
234 3160 337 3258 sitque
360 3185 481 3255 aequus
512 3176 545 3228 et
564 3159 717 3252 benignus
740 3178 855 3256 procot
875 3160 979 3229 iudex.
1009 3157 1093 3230 Nut-
1139 3208 1141 3212 .
1222 3167 1225 3180 '

79 3264 133 3335 lius
155 3267 241 3336 enim
272 3289 369 3360 opera
393 3265 500 3334 adiuto
524 3267 566 3338 ad
587 3263 679 3360 ipsos
700 3266 825 3352 fontes,
843 3281 910 3334 erat
931 3289 1093 3334 recurren-

81 3371 165 3456 dum,
199 3371 255 3464 qui
283 3359 409 3464 quantis
445 3371 591 3441 sordibus
616 3370 680 3440 sint
709 3371 840 3466 repleti,
868 3394 964 3465 quam
986 3395 1093 3441 rarum

80 3476 219 3546 emittant
241 3476 407 3570 liquorem,
431 3501 527 3545 nemo
548 3492 596 3545 est
618 3476 730 3545 harum
752 3475 1020 3570 rerum'peritior,
1043 3479 1092 3547 cui
1128 3513 1133 3520 ·

81 3580 118 3646 sit
138 3583 292 3675 ignotum.
339 3577 455 3675 Neque
479 3607 559 3676 opus
582 3582 625 3651 ad
647 3581 742 3650 linem
757 3580 928 3677 perducere
951 3608 1009 3652 nec
1031 3606 1090 3679 po-

80 3684 129 3768 tui,
152 3689 211 3756 n'ec
233 3682 336 3768 volui3
359 3712 487 3776 monere
500 3703 633 3772 tantum,
658 3687 736 3782 quid
747 3685 903 3780 agendum
927 3703 959 3758 et
981 3686 1093 3781 quaid

79 3783 195 3860 ratione
227 3795 268 3862 sit
295 3791 536 3887 perficiendum.¹
593 3789 709 3886 Neque
738 3791 838 3861 multa
868 3792 981 3876 adbuc,
1006 3791 1093 3886 quod

79 3892 116 3960 ad
137 3897 344 3965 recentiorem
358 3895 604 3988 meteorologiae
625 3914 741 3967 statum
764 3897 890 3982 attinet,
922 3896 985 3994 tale
1009 3919 1090 3990 opus
1160 3907 1170 3932 ¹

79 3999 251 4070 conficienti
275 4001 416 4070 subsidia
439 4018 580 4084 exstent,
602 3997 770 4096 igiturlbic
793 4025 920 4098 quoque
944 4001 988 4070 ad
1016 3999 1089 4068 fon·

78 4117 122 4170 tes
144 4123 212 4175 erat
234 4105 469 4193 recurrendum,
494 4108 579 4204 quod
600 4107 704 4179 faeere
733 4105 849 4192 malui,
882 4131 977 4199 ιιιιιιιι
1009 4104 1088 4176 alio·
