2766 4818
466 185 468 192 .
564 171 627 238 ,⁸¹

314 312 377 374 11³
676 345 681 356 .
709 285 914 372 Caecius.

321 484 468 553 Caecius
499 493 673 558 uentorum
700 475 796 552 solus
820 481 926 548 nabes
949 481 986 546 iu
1015 503 1053 548 se
1080 477 1264 547 retrahit?
1311 505 1357 546 aa

313 587 401 678 ¹quia
422 587 541 656 eodem
564 599 720 680 tempore
747 585 940 674 contrarius
963 584 1079 692 spifat
1107 588 1271 669 reatus?
1312 609 1356 650 au

320 691 402 784 quia
433 691 477 759 ab
502 692 699 762 editissimis
733 691 816 760 locis
847 689 958 780 spirat
987 688 1107 783 (itaque
1136 687 1355 780 frigidiorem

320 803 428 868 a'e’rem
458 820 565 865 secum
595 797 695 883 ducit,
727 797 781 890 qui
811 793 867 863 ubi
896 819 968 860 cum
990 792 1147 863 'calidiore
1178 791 1351 877 miscetur,

320 901 421 970 nubes
461 899 584 992 giguit).
640 903 813 995 Regiones
853 899 941 966 enim
977 894 1096 966 e'ersus
1136 907 1262 964 ortum
1311 900 1351 966 si-

321 1017 383 1073 tae
404 1005 565 1076 editiores
596 1019 678 1076 suut
707 1030 825 1078 uersus
855 1003 1070 1074 occidentem
1099 1002 1200 1081 sitis,·
1249 1004 1349 1071 cuius

237 1103 243 1115 '
322 1108 378 1175 rei
395 1107 557 1178 iudicium
581 1123 634 1179 est
656 1113 774 1204 iugens
798 1111 905 1178 moris
922 1107 1147 1176 occidentalis
1172 1108 1349 1200 magnitu-

324 1213 379 1282 do'
398 1223 434 1282 et
464 1214 624 1285 altitudo.
673 1217 760 1288 Cum
796 1238 871 1282 uero
906 1213 1054 1303 desuper
1084 1213 1120 1280 in
1154 1215 1349 1312 adversum

312 1315 392 1407 flet,
416 1318 542 1396 leucam
552 1321 652 1414 sacit
675 1346 742 1390 sua
758 1318 929 1388 delatione
946 1315 999 1415 (τῇ
1017 1316 1126 1418 φορᾷ)
1149 1315 1204 1384 ita
1231 1317 1365 1386 incur?

240 1463 243 1470 ,
321 1433 450 1508 vatam,
474 1435 512 1492 ut
535 1450 695 1494 concaua
708 1449 798 1516 pars
823 1434 940 1492 terrae
962 1421 1178 1514 superficiem
1201 1435 1346 1513 spectet.

322 1523 489 1617 Aecum,
520 1531 628 1598 sicuti
646 1532 811 1613 divimus,
842 1539 958 1597 terrae
983 1551 1100 1596 versus
1131 1528 1345 1596 occidentem

229 1669 232 1676 ,
323 1629 410 1700 sitas
433 1636 585 1727 regiones
608 1635 754 1704 invadat
776 1643 812 1703 et
832 1632 940 1703 nubes
958 1647 1026 1723 per
1049 1632 1161 1729 lineae
1185 1655 1286 1702 suae
1306 1635 1344 1726 ſs·

198 1741 202 1750 ’
286 1731 290 1746 ’
323 1741 664 1826 gummeoutrulrot,
689 1737 739 1808 ud
758 1763 797 1808 se
819 1763 883 1808 suo
904 1736 982 1806 iude
996 1737 1126 1830 reflexu
1149 1759 1215 1804 eas
1253 1748 1346 1806 oocot

325 1851 360 1908 et
387 1843 541 1934 impellit.
587 1845 693 1936 quue
722 1845 818 1912 solus
836 1843 938 1937 sacit
971 1841 1121 1911 omnium
1153 1852 1344 1920 uentorum

324 1945 363 2012 ln
391 1947 485 2016 Italia
512 1948 647 2018 Caecius
678 1973 807 2018 serenus
835 1965 899 2032 est,
928 1949 1015 2042 quod
1044 1973 1083 2014 ex
1111 1945 1255 2016 Plinii
1288 1975 1344 2017 ver-

324 2051 414 2130 bis')
436 2068 541 2146 patet:
579 2055 742 2126 Narrant
761 2055 795 2122 in
818 2055 932 2131 Ponto
960 2052 1124 2120 Caeciom
1146 2051 1184 2120 in
1209 2077 1256 2122 se
1283 2067 1344 2124 tro-

324 2153 406 2224 ltere
435 2158 551 2229 nubes.

803 2459 811 2476 .
835 2417 889 2476 22.
972 2407 976 2416 ¹

587 2417 877 2612 Subsolaieus.
923 2493 1075 2600 Eurus.

330 2677 334 2682 ⁵
412 2690 465 2766 De
496 2689 677 2762 Subsolano
706 2683 772 2760 sive
802 2687 948 2782 Apeliote
980 2687 1031 2756 vix
1053 2686 1210 2784 bohemus
1214 2742 1232 2778 ,
1270 2691 1342 2785 quod

275 2841 278 2850 ‚
325 2796 519 2864 monendum
546 2793 636 2875 siu).
680 2794 733 2864 De
756 2793 1037 2879 e0Plinius²)=
1074 2793 1237 2862 Fauonio
1273 2820 1340 2863 cou-

326 2905 454 2968 trarius
478 2912 546 2985 est,
573 2925 672 2992 quem
693 2901 927 2972 Subsolanum
957 2887 1221 2990 appellavimus.
1272 2899 1339 2967 Do-

325 3015 378 3071 tus
402 3015 456 3071 est
479 3016 593 3072 autem
615 3005 694 3074 truie
717 3015 863 3094 eportus
887 3003 1116 3094 Vergiliarum
1131 3041 1173 3054 -
1191 3025 1264 3070 sex
1281 3004 1341 3070 dte-

256 3177 258 3184 ,
327 3107 389 3176 bus
420 3122 499 3178 ante
521 3110 638 3182 Maias
667 3109 754 3176 idus.
801 3107 976 3183 Vulturnus
1007 3107 1074 3212 siye
1097 3106 1215 3205 Eurus(
1239 3107 1341 3186 sicus,

310 3399 312 3412 '
394 3392 581 3464 irrepserunt.
617 3395 693 3465 Quin
725 3405 820 3452 tamen
851 3397 993 3450 nonnulla
1019 3392 1050 3449 in
1073 3393 1110 3450 iis
1133 3392 1193 3448 sint
1219 3395 1341 3460 consus,

395 3483 494 3537 nullus
512 3471 622 3554 dubitd.
674 3532 678 3540 ,

348 3607 378 3672 3)
397 3604 504 3686 Histoe.
524 3616 618 3660 natur.
631 3609 664 3673 11,
684 3607 729 3664 [18.

347 3731 376 3796 1)
395 3729 496 3782 Utrum
515 3723 689 3798 Ἀπηλιώτης
707 3746 744 3782 an
763 3725 936 3799 Ἀφηλιώτης
961 3727 998 3784 sit
1023 3727 1227 3796 scribendum,
1253 3747 1291 3785 aa
1314 3730 1342 3783 ds

393 3828 424 3868 re
449 3815 517 3871 vide
535 3810 716 3870 'Hardui'm
741 3815 776 3869 ad
800 3814 893 3872 Plio.
913 3813 978 3870 libr.
989 3817 1024 3872 11.
1043 3819 1160 3874 Tomel.
1180 3835 1209 3889 p.
1220 3823 1288 3880 271.
1305 3818 1342 3874 ed.

395 3901 482 3957 uaris.
501 3904 580 3962 1685.
598 3899 626 3960 t.
1219 3907 1223 3914 '
1248 3900 1255 3917 ‘

345 4026 375 4090 2)
394 4026 502 4080 utetur.
524 4038 619 4082 natur.
631 4028 665 4094 11,
684 4026 730 4088 47.
