<?xml version="1.0" encoding="UTF-8"?>
<!DOCTYPE html PUBLIC "-//W3C//DTD XHTML 1.0 Transitional//EN"
    "http://www.w3.org/TR/xhtml1/DTD/xhtml1-transitional.dtd">
<html xmlns="http://www.w3.org/1999/xhtml" xml:lang="en" lang="en">
 <head>
  <title>
</title>
<meta http-equiv="Content-Type" content="text/html;charset=utf-8" />
  <meta name='ocr-system' content='tesseract 3.04.00' />
  <meta name='ocr-capabilities' content='ocr_page ocr_carea ocr_par ocr_line ocrx_word'/>
</head>
<body>
  <div class='ocr_page' id='page_1' title='image "./meteorologiavet00idelgoog_0253.png"; bbox 0 0 2788 4814; ppageno 0'>
   <div class='ocr_carea' id='block_1_1' title="bbox 306 301 1272 424">
    <p class='ocr_par' dir='ltr' id='par_1_1' title="bbox 306 301 1272 424">
     <span class='ocr_line' id='line_1_1' title="bbox 306 301 1272 424; baseline -0.007 -28"><span class='ocrx_word' id='word_1_1' title='bbox 306 327 373 396; x_wconf 72' lang='lat'><strong>246</strong></span> <span class='ocrx_word' id='word_1_2' title='bbox 420 359 425 368; x_wconf 60' lang='lat'><strong><em>¹</em></strong></span> <span class='ocrx_word' id='word_1_3' title='bbox 472 315 474 320; x_wconf 39' lang='lat'><strong>¹</strong></span> <span class='ocrx_word' id='word_1_4' title='bbox 671 301 973 390; x_wconf 75' lang='lat' dir='ltr'><strong>De&#39;cttmetum</strong></span> <span class='ocrx_word' id='word_1_5' title='bbox 1015 403 1019 408; x_wconf 15' lang='grc'>1</span> <span class='ocrx_word' id='word_1_6' title='bbox 1110 403 1115 417; x_wconf 33' lang='grc' dir='ltr'>Ι</span> <span class='ocrx_word' id='word_1_7' title='bbox 1168 411 1172 424; x_wconf 32' lang='grc' dir='ltr'>Ι</span> <span class='ocrx_word' id='word_1_8' title='bbox 1223 399 1228 408; x_wconf 51' lang='grc'><em>,</em></span> <span class='ocrx_word' id='word_1_9' title='bbox 1267 393 1272 400; x_wconf 66' lang='grc'><strong>,</strong></span> 
     </span>
    </p>
   </div>
   <div class='ocr_carea' id='block_1_2' title="bbox 142 481 1322 598">
    <p class='ocr_par' dir='ltr' id='par_1_2' title="bbox 142 481 1322 598">
     <span class='ocr_line' id='line_1_2' title="bbox 142 481 1322 598; baseline 0.071 -109"><span class='ocrx_word' id='word_1_10' title='bbox 142 481 145 489; x_wconf 82' lang='grc'>,</span> <span class='ocrx_word' id='word_1_11' title='bbox 211 503 222 520; x_wconf 62' lang='lat'><strong>,</strong></span> <span class='ocrx_word' id='word_1_12' title='bbox 308 503 379 598; x_wconf 76' lang='lat' dir='ltr'><strong>gelu</strong></span> <span class='ocrx_word' id='word_1_13' title='bbox 402 499 526 596; x_wconf 66' lang='lat' dir='ltr'><strong>lapides</strong></span> <span class='ocrx_word' id='word_1_14' title='bbox 549 481 863 594; x_wconf 80' lang='lat' dir='ltr'><strong>essedisruptos⁹⁰).</strong></span> <span class='ocrx_word' id='word_1_15' title='bbox 909 498 995 568; x_wconf 88' lang='lat' dir='ltr'><strong>Cum</strong></span> <span class='ocrx_word' id='word_1_16' title='bbox 1015 500 1322 588; x_wconf 86' lang='lat' dir='ltr'><strong>Strabonis&#39;illo,</strong></span> 
     </span>
    </p>
   </div>
   <div class='ocr_carea' id='block_1_3' title="bbox 210 603 1383 2382">
    <p class='ocr_par' dir='ltr' id='par_1_3' title="bbox 210 603 1383 2382">
     <span class='ocr_line' id='line_1_3' title="bbox 210 603 1322 725; baseline -0.003 -45"><span class='ocrx_word' id='word_1_17' title='bbox 210 647 216 658; x_wconf 93' lang='lat'><strong>·</strong></span> <span class='ocrx_word' id='word_1_18' title='bbox 309 635 402 706; x_wconf 84' lang='lat' dir='ltr'><strong>quern</strong></span> <span class='ocrx_word' id='word_1_19' title='bbox 424 605 643 725; x_wconf 75' lang='lat' dir='ltr'><strong>lpudavimus‚</strong></span> <span class='ocrx_word' id='word_1_20' title='bbox 665 605 735 674; x_wconf 91' lang='lat' dir='ltr'><strong>loeo</strong></span> <span class='ocrx_word' id='word_1_21' title='bbox 758 603 840 673; x_wconf 90' lang='lat' dir='ltr'><strong>alter</strong></span> <span class='ocrx_word' id='word_1_22' title='bbox 861 605 1001 674; x_wconf 87' lang='lat' dir='ltr'><strong>eiusdem</strong></span> <span class='ocrx_word' id='word_1_23' title='bbox 1023 603 1189 698; x_wconf 89' lang='lat' dir='ltr'><strong>scriptoris</strong></span> <span class='ocrx_word' id='word_1_24' title='bbox 1212 609 1322 677; x_wconf 84' lang='lat' dir='ltr'><strong>coufe-</strong></span> 
     </span>
     <span class='ocr_line' id='line_1_4' title="bbox 307 709 1323 806; baseline 0 -24"><span class='ocrx_word' id='word_1_25' title='bbox 307 715 422 782; x_wconf 88' lang='lat' dir='ltr'><strong>rendus</strong></span> <span class='ocrx_word' id='word_1_26' title='bbox 445 712 564 796; x_wconf 81' lang='lat' dir='ltr'><strong>est⁰¹)‚</strong></span> <span class='ocrx_word' id='word_1_27' title='bbox 590 711 645 779; x_wconf 91' lang='lat' dir='ltr'><strong>ubi</strong></span> <span class='ocrx_word' id='word_1_28' title='bbox 667 709 777 778; x_wconf 89' lang='lat' dir='ltr'><strong>eadem</strong></span> <span class='ocrx_word' id='word_1_29' title='bbox 799 733 851 778; x_wconf 89' lang='lat' dir='ltr'><strong>res</strong></span> <span class='ocrx_word' id='word_1_30' title='bbox 875 709 1022 777; x_wconf 83' lang='lat' dir='ltr'>disertius</span> <span class='ocrx_word' id='word_1_31' title='bbox 1045 711 1224 806; x_wconf 73' lang='lat' dir='ltr'><strong>exponitur.</strong></span> <span class='ocrx_word' id='word_1_32' title='bbox 1268 714 1323 782; x_wconf 83' lang='lat' dir='ltr'><strong>Ait</strong></span> 
     </span>
     <span class='ocr_line' id='line_1_5' title="bbox 307 813 1322 916; baseline -0.005 -26"><span class='ocrx_word' id='word_1_33' title='bbox 307 821 390 892; x_wconf 86' lang='lat' dir='ltr'><strong>enim</strong></span> <span class='ocrx_word' id='word_1_34' title='bbox 419 814 587 886; x_wconf 88' lang='lat' dir='ltr'><strong>Nomadas</strong></span> <span class='ocrx_word' id='word_1_35' title='bbox 618 813 753 916; x_wconf 70' lang='lat' dir='ltr'><strong>&amp;ytbas</strong></span> <span class='ocrx_word' id='word_1_36' title='bbox 780 813 920 883; x_wconf 85' lang='lat' dir='ltr'><strong>bieme</strong></span> <span class='ocrx_word' id='word_1_37' title='bbox 909 841 944 882; x_wconf 86' lang='lat' dir='ltr'><strong>ru</strong></span> <span class='ocrx_word' id='word_1_38' title='bbox 972 813 1141 908; x_wconf 86' lang='lat' dir='ltr'><strong>paludibus</strong></span> <span class='ocrx_word' id='word_1_39' title='bbox 1164 816 1322 886; x_wconf 85' lang='lat' dir='ltr'><strong>Maeotidi</strong></span> 
     </span>
     <span class='ocr_line' id='line_1_6' title="bbox 305 915 1321 1022; baseline -0.004 -28"><span class='ocrx_word' id='word_1_40' title='bbox 305 923 503 1022; x_wconf 83' lang='lat' dir='ltr'>propinquis,</span> <span class='ocrx_word' id='word_1_41' title='bbox 533 936 655 990; x_wconf 80' lang='lat' dir='ltr'><strong>aestate</strong></span> <span class='ocrx_word' id='word_1_42' title='bbox 678 919 712 987; x_wconf 91' lang='lat' dir='ltr'><strong>in</strong></span> <span class='ocrx_word' id='word_1_43' title='bbox 734 919 855 1013; x_wconf 89' lang='lat' dir='ltr'><strong>campis</strong></span> <span class='ocrx_word' id='word_1_44' title='bbox 886 919 1047 1003; x_wconf 66' lang='lat' dir='ltr'><strong>habitam</strong></span> <span class='ocrx_word' id='word_1_45' title='bbox 1084 936 1183 990; x_wconf 87' lang='lat' dir='ltr'><strong>totam</strong></span> <span class='ocrx_word' id='word_1_46' title='bbox 1217 915 1321 990; x_wconf 84' lang='lat' dir='ltr'><strong>antein</strong></span> 
     </span>
     <span class='ocr_line' id='line_1_7' title="bbox 242 1021 1320 1152; baseline -0.005 -52"><span class='ocrx_word' id='word_1_47' title='bbox 242 1021 244 1032; x_wconf 51' lang='lat'>¹</span> <span class='ocrx_word' id='word_1_48' title='bbox 307 1056 414 1152; x_wconf 40' lang='lat' dir='ltr'><strong>quam·</strong></span> <span class='ocrx_word' id='word_1_49' title='bbox 425 1029 569 1098; x_wconf 87' lang='lat' dir='ltr'><strong>habitent</strong></span> <span class='ocrx_word' id='word_1_50' title='bbox 590 1025 753 1117; x_wconf 82' lang='lat' dir='ltr'>regionem</span> <span class='ocrx_word' id='word_1_51' title='bbox 775 1046 848 1095; x_wconf 87' lang='lat' dir='ltr'><strong>esse</strong></span> <span class='ocrx_word' id='word_1_52' title='bbox 870 1022 1018 1118; x_wconf 81' lang='lat' dir='ltr'>algidam</span> <span class='ocrx_word' id='word_1_53' title='bbox 1032 1051 1130 1119; x_wconf 91' lang='lat' dir='ltr'><strong>usque</strong></span> <span class='ocrx_word' id='word_1_54' title='bbox 1154 1027 1197 1094; x_wconf 91' lang='lat' dir='ltr'><strong>ad</strong></span> <span class='ocrx_word' id='word_1_55' title='bbox 1225 1028 1320 1096; x_wconf 88' lang='lat' dir='ltr'><strong>mari·</strong></span> 
     </span>
     <span class='ocr_line' id='line_1_8' title="bbox 304 1119 1321 1225; baseline -0.006 -20"><span class='ocrx_word' id='word_1_56' title='bbox 304 1137 383 1205; x_wconf 87' lang='lat' dir='ltr'><strong>tima</strong></span> <span class='ocrx_word' id='word_1_57' title='bbox 403 1134 488 1204; x_wconf 89' lang='lat' dir='ltr'><strong>iuter</strong></span> <span class='ocrx_word' id='word_1_58' title='bbox 509 1129 746 1225; x_wconf 80' lang='lat' dir='ltr'><strong>Borysthenem</strong></span> <span class='ocrx_word' id='word_1_59' title='bbox 768 1145 801 1196; x_wconf 91' lang='lat' dir='ltr'><strong>et</strong></span> <span class='ocrx_word' id='word_1_60' title='bbox 822 1130 906 1197; x_wconf 90' lang='lat' dir='ltr'><strong>ostia</strong></span> <span class='ocrx_word' id='word_1_61' title='bbox 928 1131 1104 1201; x_wconf 77' lang='lat' dir='ltr'><strong>Maeotidis</strong></span> <span class='ocrx_word' id='word_1_62' title='bbox 1128 1119 1243 1210; x_wconf 71' lang='lat' dir='ltr'><strong>loca.</strong></span> <span class='ocrx_word' id='word_1_63' title='bbox 1254 1131 1321 1200; x_wconf 91' lang='lat' dir='ltr'><strong>De·</strong></span> 
     </span>
     <span class='ocr_line' id='line_1_9' title="bbox 305 1233 1321 1334; baseline -0.003 -25"><span class='ocrx_word' id='word_1_64' title='bbox 305 1241 380 1309; x_wconf 87' lang='lat' dir='ltr'><strong>inde</strong></span> <span class='ocrx_word' id='word_1_65' title='bbox 402 1249 565 1334; x_wconf 83' lang='lat' dir='ltr'><strong>tamquam</strong></span> <span class='ocrx_word' id='word_1_66' title='bbox 586 1234 722 1304; x_wconf 85' lang='lat' dir='ltr'><strong>illustria</strong></span> <span class='ocrx_word' id='word_1_67' title='bbox 736 1233 877 1328; x_wconf 79' lang='lat' dir='ltr'><strong>frigoris</strong></span> <span class='ocrx_word' id='word_1_68' title='bbox 881 1251 1066 1327; x_wconf 78' lang='lat' dir='ltr'><strong>argumenta</strong></span> <span class='ocrx_word' id='word_1_69' title='bbox 1081 1233 1214 1332; x_wconf 81' lang='lat' dir='ltr'><strong>profert,</strong></span> <span class='ocrx_word' id='word_1_70' title='bbox 1238 1238 1321 1332; x_wconf 91' lang='lat' dir='ltr'><strong>qnod</strong></span> 
     </span>
     <span class='ocr_line' id='line_1_10' title="bbox 307 1340 1322 1435; baseline -0.002 -21"><span class='ocrx_word' id='word_1_71' title='bbox 307 1345 416 1414; x_wconf 91' lang='lat' dir='ltr'><strong>asinos</strong></span> <span class='ocrx_word' id='word_1_72' title='bbox 440 1368 505 1412; x_wconf 91' lang='lat' dir='ltr'><strong>non</strong></span> <span class='ocrx_word' id='word_1_73' title='bbox 529 1341 627 1424; x_wconf 89' lang='lat' dir='ltr'><strong>alant,</strong></span> <span class='ocrx_word' id='word_1_74' title='bbox 650 1340 749 1408; x_wconf 88' lang='lat' dir='ltr'><strong>boves</strong></span> <span class='ocrx_word' id='word_1_75' title='bbox 774 1340 924 1408; x_wconf 87' lang='lat' dir='ltr'><strong>cornibus</strong></span> <span class='ocrx_word' id='word_1_76' title='bbox 947 1342 1141 1422; x_wconf 73' lang='lat' dir='ltr'><strong>careant⁴²²),</strong></span> <span class='ocrx_word' id='word_1_77' title='bbox 1165 1340 1237 1435; x_wconf 88' lang='lat' dir='ltr'><strong>equi</strong></span> <span class='ocrx_word' id='word_1_78' title='bbox 1258 1341 1322 1412; x_wconf 82' lang='lat' dir='ltr'><strong>sint</strong></span> 
     </span>
     <span class='ocr_line' id='line_1_11' title="bbox 288 1444 1317 1546; baseline -0.004 -28"><span class='ocrx_word' id='word_1_79' title='bbox 288 1449 416 1546; x_wconf 78' lang='lat' dir='ltr'><strong>parvi,</strong></span> <span class='ocrx_word' id='word_1_80' title='bbox 445 1472 520 1516; x_wconf 89' lang='lat' dir='ltr'><strong>oves</strong></span> <span class='ocrx_word' id='word_1_81' title='bbox 541 1469 693 1538; x_wconf 81' lang='lat' dir='ltr'><strong>magnae,</strong></span> <span class='ocrx_word' id='word_1_82' title='bbox 718 1447 796 1539; x_wconf 88' lang='lat' dir='ltr'><strong>quio</strong></span> <span class='ocrx_word' id='word_1_83' title='bbox 818 1461 851 1514; x_wconf 90' lang='lat' dir='ltr'><strong>et</strong></span> <span class='ocrx_word' id='word_1_84' title='bbox 877 1467 988 1514; x_wconf 85' lang='lat' dir='ltr'><strong>aereae</strong></span> <span class='ocrx_word' id='word_1_85' title='bbox 1012 1444 1141 1539; x_wconf 84' lang='lat' dir='ltr'><strong>hydriae</strong></span> <span class='ocrx_word' id='word_1_86' title='bbox 1169 1471 1317 1540; x_wconf 90' lang='lat' dir='ltr'><strong>rumpan-</strong></span> 
     </span>
     <span class='ocr_line' id='line_1_12' title="bbox 284 1550 1319 1646; baseline -0.005 -21"><span class='ocrx_word' id='word_1_87' title='bbox 284 1573 369 1640; x_wconf 54' lang='lat' dir='ltr'><strong>tur,</strong></span> <span class='ocrx_word' id='word_1_88' title='bbox 402 1551 645 1645; x_wconf 85' lang='lat' dir='ltr'><strong>congelantibus</strong></span> <span class='ocrx_word' id='word_1_89' title='bbox 681 1575 761 1646; x_wconf 90' lang='lat' dir='ltr'><strong>quae</strong></span> <span class='ocrx_word' id='word_1_90' title='bbox 788 1551 872 1624; x_wconf 86' lang='lat' dir='ltr'><strong>intus</strong></span> <span class='ocrx_word' id='word_1_91' title='bbox 908 1550 1137 1619; x_wconf 79' lang='lat' dir='ltr'><strong>contineantur.</strong></span> <span class='ocrx_word' id='word_1_92' title='bbox 1183 1550 1319 1620; x_wconf 85' lang='lat' dir='ltr'><strong>Traiec-</strong></span> 
     </span>
     <span class='ocr_line' id='line_1_13' title="bbox 303 1647 1318 1751; baseline -0.004 -23"><span class='ocrx_word' id='word_1_93' title='bbox 303 1659 370 1728; x_wconf 83' lang='lat' dir='ltr'><strong>tum</strong></span> <span class='ocrx_word' id='word_1_94' title='bbox 384 1647 652 1749; x_wconf 77' lang='lat' dir='ltr'><strong>Pbanoga&#39;raeam</strong></span> <span class='ocrx_word' id='word_1_95' title='bbox 675 1656 759 1726; x_wconf 90' lang='lat' dir='ltr'><strong>iuter</strong></span> <span class='ocrx_word' id='word_1_96' title='bbox 774 1672 806 1726; x_wconf 89' lang='lat' dir='ltr'><strong>et</strong></span> <span class='ocrx_word' id='word_1_97' title='bbox 820 1655 1070 1749; x_wconf 76' lang='lat' dir='ltr'><strong>Panticapaeum</strong></span> <span class='ocrx_word' id='word_1_98' title='bbox 1092 1653 1238 1751; x_wconf 86' lang='lat' dir='ltr'><strong>plaustra</strong></span> <span class='ocrx_word' id='word_1_99' title='bbox 1257 1657 1318 1726; x_wconf 86' lang='lat' dir='ltr'><strong>ler-</strong></span> 
     </span>
     <span class='ocr_line' id='line_1_14' title="bbox 220 1751 1320 1856; baseline -0.002 -24"><span class='ocrx_word' id='word_1_100' title='bbox 220 1753 222 1758; x_wconf 53' lang='grc'><strong>’</strong></span> <span class='ocrx_word' id='word_1_101' title='bbox 303 1780 407 1850; x_wconf 86' lang='lat' dir='ltr'><strong>re,·ut</strong></span> <span class='ocrx_word' id='word_1_102' title='bbox 430 1761 535 1830; x_wconf 77' lang='lat' dir='ltr'><strong>etvia</strong></span> <span class='ocrx_word' id='word_1_103' title='bbox 557 1760 687 1830; x_wconf 88' lang='lat' dir='ltr'><strong>tritaet</strong></span> <span class='ocrx_word' id='word_1_104' title='bbox 710 1765 900 1841; x_wconf 77' lang='lat' dir='ltr'><strong>coenum⁹⁸)</strong></span> <span class='ocrx_word' id='word_1_105' title='bbox 923 1762 967 1830; x_wconf 93' lang='lat' dir='ltr'><strong>ibi</strong></span> <span class='ocrx_word' id='word_1_106' title='bbox 983 1751 1045 1829; x_wconf 63' lang='lat' dir='ltr'><strong>sits</strong></span> <span class='ocrx_word' id='word_1_107' title='bbox 1078 1760 1206 1830; x_wconf 84' lang='lat' dir='ltr'><strong>Deinde</strong></span> <span class='ocrx_word' id='word_1_108' title='bbox 1229 1786 1320 1856; x_wconf 87' lang='lat' dir='ltr'><strong>repe-</strong></span> 
     </span>
     <span class='ocr_line' id='line_1_15' title="bbox 304 1861 1383 1966; baseline -0.005 -28"><span class='ocrx_word' id='word_1_109' title='bbox 304 1861 368 1954; x_wconf 73' lang='lat' dir='ltr'><strong>tit,</strong></span> <span class='ocrx_word' id='word_1_110' title='bbox 391 1863 660 1936; x_wconf 81' lang='lat' dir='ltr'><strong>narratiunculam</strong></span> <span class='ocrx_word' id='word_1_111' title='bbox 682 1890 781 1961; x_wconf 83' lang='lat' dir='ltr'><strong>supra</strong></span> <span class='ocrx_word' id='word_1_112' title='bbox 807 1870 1087 1936; x_wconf 78' lang='lat' dir='ltr'><strong>commemoratam</strong></span> <span class='ocrx_word' id='word_1_113' title='bbox 1117 1865 1156 1934; x_wconf 94' lang='lat' dir='ltr'><strong>de</strong></span> <span class='ocrx_word' id='word_1_114' title='bbox 1187 1864 1319 1960; x_wconf 87' lang='lat' dir='ltr'><strong>proeliis</strong></span> <span class='ocrx_word' id='word_1_115' title='bbox 1382 1903 1383 1966; x_wconf 64' lang='lat'>3</span> 
     </span>
     <span class='ocr_line' id='line_1_16' title="bbox 220 1970 1321 2069; baseline -0.003 -25"><span class='ocrx_word' id='word_1_116' title='bbox 220 2025 223 2035; x_wconf 78' lang='lat'><em>-</em></span> <span class='ocrx_word' id='word_1_117' title='bbox 302 1973 439 2069; x_wconf 85' lang='lat' dir='ltr'><strong>equestri</strong></span> <span class='ocrx_word' id='word_1_118' title='bbox 468 1988 501 2040; x_wconf 91' lang='lat' dir='ltr'><strong>et</strong></span> <span class='ocrx_word' id='word_1_119' title='bbox 523 1970 641 2040; x_wconf 83' lang='lat' dir='ltr'><strong>navali.</strong></span> <span class='ocrx_word' id='word_1_120' title='bbox 688 1971 810 2042; x_wconf 88' lang='lat' dir='ltr'><strong>Contra</strong></span> <span class='ocrx_word' id='word_1_121' title='bbox 833 1988 863 2042; x_wconf 88' lang='lat' dir='ltr'><strong>et</strong></span> <span class='ocrx_word' id='word_1_122' title='bbox 886 1987 995 2040; x_wconf 86' lang='lat' dir='ltr'><strong>aestus</strong></span> <span class='ocrx_word' id='word_1_123' title='bbox 1017 1971 1163 2063; x_wconf 84' lang='lat' dir='ltr'><strong>ingentes</strong></span> <span class='ocrx_word' id='word_1_124' title='bbox 1185 1971 1232 2040; x_wconf 89' lang='lat' dir='ltr'><strong>ibi</strong></span> <span class='ocrx_word' id='word_1_125' title='bbox 1254 1973 1321 2041; x_wconf 85' lang='lat' dir='ltr'><strong>lieri</strong></span> 
     </span>
     <span class='ocr_line' id='line_1_17' title="bbox 302 2073 1320 2196; baseline -0.006 -44.867"><span class='ocrx_word' id='word_1_126' title='bbox 302 2075 430 2164; x_wconf 86' lang='lat' dir='ltr'><strong>addit,</strong></span> <span class='ocrx_word' id='word_1_127' title='bbox 444 2077 510 2145; x_wconf 89' lang='lat' dir='ltr'><strong>sive</strong></span> <span class='ocrx_word' id='word_1_128' title='bbox 545 2073 621 2170; x_wconf 82' lang='lat' dir='ltr'><strong>rpuia</strong></span> <span class='ocrx_word' id='word_1_129' title='bbox 654 2074 823 2146; x_wconf 88' lang='lat' dir='ltr'><strong>mediocris</strong></span> <span class='ocrx_word' id='word_1_130' title='bbox 852 2092 959 2146; x_wconf 91' lang='lat' dir='ltr'><strong>aestus</strong></span> <span class='ocrx_word' id='word_1_131' title='bbox 988 2076 1173 2196; x_wconf 90' lang='lat' dir='ltr'><strong>corporibus</strong></span> <span class='ocrx_word' id='word_1_132' title='bbox 1200 2077 1320 2171; x_wconf 83' lang='lat' dir='ltr'><strong>frigora</strong></span> 
     </span>
     <span class='ocr_line' id='line_1_18' title="bbox 301 2177 1319 2290; baseline -0.002 -38"><span class='ocrx_word' id='word_1_133' title='bbox 301 2183 474 2279; x_wconf 79' lang='lat' dir='ltr'><strong>perferre</strong></span> <span class='ocrx_word' id='word_1_134' title='bbox 477 2177 577 2250; x_wconf 84' lang='lat' dir='ltr'><strong>solitis</strong></span> <span class='ocrx_word' id='word_1_135' title='bbox 608 2179 796 2248; x_wconf 90' lang='lat' dir='ltr'><strong>immodicus</strong></span> <span class='ocrx_word' id='word_1_136' title='bbox 829 2183 991 2268; x_wconf 87' lang='lat' dir='ltr'><strong>videatur,</strong></span> <span class='ocrx_word' id='word_1_137' title='bbox 1023 2182 1089 2250; x_wconf 82' lang='lat' dir='ltr'><strong>sive</strong></span> <span class='ocrx_word' id='word_1_138' title='bbox 1118 2207 1159 2290; x_wconf 51' lang='grc' dir='ltr'><strong>ταὶ</strong></span> <span class='ocrx_word' id='word_1_139' title='bbox 1180 2207 1259 2250; x_wconf 86' lang='lat' dir='ltr'><strong>vera</strong></span> <span class='ocrx_word' id='word_1_140' title='bbox 1288 2185 1319 2251; x_wconf 91' lang='lat' dir='ltr'><strong>id</strong></span> 
     </span>
     <span class='ocr_line' id='line_1_19' title="bbox 301 2283 1319 2382; baseline -0.004 -24"><span class='ocrx_word' id='word_1_141' title='bbox 301 2289 378 2382; x_wconf 85' lang='lat' dir='ltr'><strong>fieri,</strong></span> <span class='ocrx_word' id='word_1_142' title='bbox 403 2313 472 2358; x_wconf 87' lang='lat' dir='ltr'><strong>cum</strong></span> <span class='ocrx_word' id='word_1_143' title='bbox 496 2284 601 2379; x_wconf 87' lang='lat' dir='ltr'><strong>campi</strong></span> <span class='ocrx_word' id='word_1_144' title='bbox 629 2283 731 2363; x_wconf 87' lang='lat' dir='ltr'><strong>ventis</strong></span> <span class='ocrx_word' id='word_1_145' title='bbox 754 2303 899 2372; x_wconf 85' lang='lat' dir='ltr'><strong>careant,</strong></span> <span class='ocrx_word' id='word_1_146' title='bbox 928 2289 994 2358; x_wconf 88' lang='lat' dir='ltr'><strong>sive</strong></span> <span class='ocrx_word' id='word_1_147' title='bbox 1013 2290 1093 2382; x_wconf 90' lang='lat' dir='ltr'><strong>quia</strong></span> <span class='ocrx_word' id='word_1_148' title='bbox 1115 2311 1242 2356; x_wconf 90' lang='lat' dir='ltr'><strong>crassus</strong></span> <span class='ocrx_word' id='word_1_149' title='bbox 1264 2297 1319 2357; x_wconf 67' lang='lat' dir='ltr'><strong>aer</strong></span> 
     </span>
    </p>
   </div>
   <div class='ocr_carea' id='block_1_4' title="bbox 153 2375 1314 2488">
    <p class='ocr_par' dir='ltr' id='par_1_4' title="bbox 153 2375 1314 2488">
     <span class='ocr_line' id='line_1_20' title="bbox 153 2375 1314 2488; baseline -0.001 -25"><span class='ocrx_word' id='word_1_150' title='bbox 153 2375 156 2396; x_wconf 59' lang='lat'><strong><em>¹</em></strong></span> <span class='ocrx_word' id='word_1_151' title='bbox 300 2409 391 2463; x_wconf 90' lang='lat' dir='ltr'><strong>tauto</strong></span> <span class='ocrx_word' id='word_1_152' title='bbox 422 2392 525 2486; x_wconf 82' lang='lat' dir='ltr'><strong>magis</strong></span> <span class='ocrx_word' id='word_1_153' title='bbox 553 2389 748 2484; x_wconf 86' lang='lat' dir='ltr'><strong>incalescat.</strong></span> <span class='ocrx_word' id='word_1_154' title='bbox 772 2391 889 2486; x_wconf 90' lang='lat' dir='ltr'><strong>ltaque</strong></span> <span class='ocrx_word' id='word_1_155' title='bbox 912 2393 1007 2462; x_wconf 89' lang='lat' dir='ltr'><strong>etiam</strong></span> <span class='ocrx_word' id='word_1_156' title='bbox 1028 2394 1110 2463; x_wconf 91' lang='lat' dir='ltr'><strong>vites</strong></span> <span class='ocrx_word' id='word_1_157' title='bbox 1132 2393 1179 2467; x_wconf 90' lang='lat' dir='ltr'><strong>ibi</strong></span> <span class='ocrx_word' id='word_1_158' title='bbox 1200 2417 1314 2488; x_wconf 81' lang='lat' dir='ltr'><strong>prove-</strong></span> 
     </span>
    </p>
   </div>
   <div class='ocr_carea' id='block_1_5' title="bbox 199 2496 1321 2907">
    <p class='ocr_par' dir='ltr' id='par_1_5' title="bbox 199 2496 1321 2907">
     <span class='ocr_line' id='line_1_21' title="bbox 199 2496 1311 2592; baseline -0.001 -24"><span class='ocrx_word' id='word_1_159' title='bbox 199 2519 202 2527; x_wconf 82' lang='lat'>·</span> <span class='ocrx_word' id='word_1_160' title='bbox 301 2503 381 2585; x_wconf 90' lang='lat' dir='ltr'><strong>nire,</strong></span> <span class='ocrx_word' id='word_1_161' title='bbox 407 2515 441 2570; x_wconf 88' lang='lat' dir='ltr'><strong>at</strong></span> <span class='ocrx_word' id='word_1_162' title='bbox 471 2497 575 2568; x_wconf 88' lang='lat' dir='ltr'><strong>bieme</strong></span> <span class='ocrx_word' id='word_1_163' title='bbox 598 2521 653 2566; x_wconf 90' lang='lat' dir='ltr'><strong>eas</strong></span> <span class='ocrx_word' id='word_1_164' title='bbox 670 2497 736 2565; x_wconf 88' lang='lat' dir='ltr'><strong>sub</strong></span> <span class='ocrx_word' id='word_1_165' title='bbox 758 2513 875 2566; x_wconf 80' lang='lat' dir='ltr'><strong>terram</strong></span> <span class='ocrx_word' id='word_1_166' title='bbox 897 2497 1024 2584; x_wconf 86' lang='lat' dir='ltr'><strong>defodi,</strong></span> <span class='ocrx_word' id='word_1_167' title='bbox 1049 2525 1090 2567; x_wconf 91' lang='lat' dir='ltr'><strong>ne</strong></span> <span class='ocrx_word' id='word_1_168' title='bbox 1112 2496 1232 2592; x_wconf 82' lang='lat' dir='ltr'><strong>frigore</strong></span> <span class='ocrx_word' id='word_1_169' title='bbox 1250 2499 1311 2567; x_wconf 87' lang='lat' dir='ltr'><strong>lae·</strong></span> 
     </span>
     <span class='ocr_line' id='line_1_22' title="bbox 279 2601 1317 2696; baseline 0.002 -24"><span class='ocrx_word' id='word_1_170' title='bbox 279 2601 425 2690; x_wconf 77' lang='lat' dir='ltr'><strong>dantur,</strong></span> <span class='ocrx_word' id='word_1_171' title='bbox 447 2603 543 2696; x_wconf 90' lang='lat' dir='ltr'><strong>idque</strong></span> <span class='ocrx_word' id='word_1_172' title='bbox 568 2603 662 2670; x_wconf 86' lang='lat' dir='ltr'><strong>etiarn</strong></span> <span class='ocrx_word' id='word_1_173' title='bbox 684 2617 796 2668; x_wconf 91' lang='lat' dir='ltr'><strong>nostra</strong></span> <span class='ocrx_word' id='word_1_174' title='bbox 818 2619 921 2673; x_wconf 88' lang='lat' dir='ltr'><strong>aetate</strong></span> <span class='ocrx_word' id='word_1_175' title='bbox 936 2604 970 2671; x_wconf 89' lang='lat' dir='ltr'><strong>in</strong></span> <span class='ocrx_word' id='word_1_176' title='bbox 985 2603 1152 2696; x_wconf 84' lang='lat' dir='ltr'><strong>Hungaria</strong></span> <span class='ocrx_word' id='word_1_177' title='bbox 1174 2605 1242 2674; x_wconf 87' lang='lat' dir='ltr'><strong>fieri</strong></span> <span class='ocrx_word' id='word_1_178' title='bbox 1265 2629 1317 2674; x_wconf 86' lang='lat' dir='ltr'><strong>so·</strong></span> 
     </span>
     <span class='ocr_line' id='line_1_23' title="bbox 300 2705 1318 2802; baseline 0.002 -26"><span class='ocrx_word' id='word_1_179' title='bbox 300 2707 365 2777; x_wconf 89' lang='lat' dir='ltr'><strong>lere</strong></span> <span class='ocrx_word' id='word_1_180' title='bbox 386 2725 496 2802; x_wconf 67' lang='lat' dir='ltr'><strong>notum</strong></span> <span class='ocrx_word' id='word_1_181' title='bbox 520 2723 578 2776; x_wconf 89' lang='lat' dir='ltr'><strong>est.</strong></span> <span class='ocrx_word' id='word_1_182' title='bbox 625 2705 718 2774; x_wconf 87' lang='lat' dir='ltr'><strong>Alter</strong></span> <span class='ocrx_word' id='word_1_183' title='bbox 740 2706 835 2800; x_wconf 86' lang='lat' dir='ltr'><strong>igitur</strong></span> <span class='ocrx_word' id='word_1_184' title='bbox 857 2705 908 2776; x_wconf 91' lang='lat' dir='ltr'><strong>hie</strong></span> <span class='ocrx_word' id='word_1_185' title='bbox 930 2724 979 2777; x_wconf 87' lang='lat' dir='ltr'><strong>est</strong></span> <span class='ocrx_word' id='word_1_186' title='bbox 1000 2709 1104 2794; x_wconf 85' lang='lat' dir='ltr'><strong>locus&#39;,</strong></span> <span class='ocrx_word' id='word_1_187' title='bbox 1134 2709 1217 2777; x_wconf 88' lang='lat' dir='ltr'><strong>uude</strong></span> <span class='ocrx_word' id='word_1_188' title='bbox 1240 2735 1318 2778; x_wconf 88' lang='lat' dir='ltr'><strong>cen-</strong></span> 
     </span>
     <span class='ocr_line' id='line_1_24' title="bbox 300 2803 1321 2907; baseline 0.002 -25"><span class='ocrx_word' id='word_1_189' title='bbox 300 2814 423 2899; x_wconf 88' lang='lat' dir='ltr'><strong>cludas,</strong></span> <span class='ocrx_word' id='word_1_190' title='bbox 447 2811 585 2881; x_wconf 89' lang='lat' dir='ltr'><strong>medium</strong></span> <span class='ocrx_word' id='word_1_191' title='bbox 607 2811 747 2884; x_wconf 84' lang='lat' dir='ltr'><strong>calorem</strong></span> <span class='ocrx_word' id='word_1_192' title='bbox 762 2838 901 2882; x_wconf 87' lang='lat' dir='ltr'><strong>aunuum</strong></span> <span class='ocrx_word' id='word_1_193' title='bbox 916 2831 1064 2884; x_wconf 85' lang='lat' dir='ltr'><strong>nontam</strong></span> <span class='ocrx_word' id='word_1_194' title='bbox 1079 2813 1225 2907; x_wconf 78' lang='lat' dir='ltr'><strong>exiguum</strong></span> <span class='ocrx_word' id='word_1_195' title='bbox 1236 2803 1321 2884; x_wconf 49' lang='lat' dir='ltr'><strong>&#39;olim</strong></span> 
     </span>
    </p>
   </div>
   <div class='ocr_carea' id='block_1_6' title="bbox 238 3117 1332 3370">
    <p class='ocr_par' dir='ltr' id='par_1_6' title="bbox 238 3117 1332 3370">
     <span class='ocr_line' id='line_1_25' title="bbox 238 3117 1332 3195; baseline 0.001 -17"><span class='ocrx_word' id='word_1_196' title='bbox 238 3168 244 3190; x_wconf 81' lang='lat'><strong>,</strong></span> <span class='ocrx_word' id='word_1_197' title='bbox 266 3117 268 3126; x_wconf 77' lang='grc'>’</span> <span class='ocrx_word' id='word_1_198' title='bbox 297 3123 346 3191; x_wconf 81' lang='lat'><strong>90)</strong></span> <span class='ocrx_word' id='word_1_199' title='bbox 371 3121 503 3177; x_wconf 87' lang='lat' dir='ltr'><strong>Crantz</strong></span> <span class='ocrx_word' id='word_1_200' title='bbox 521 3122 629 3174; x_wconf 83' lang='lat' dir='ltr'><strong>Hister.</strong></span> <span class='ocrx_word' id='word_1_201' title='bbox 652 3123 763 3178; x_wconf 81' lang='lat' dir='ltr'><strong>Groeul.</strong></span> <span class='ocrx_word' id='word_1_202' title='bbox 774 3123 795 3178; x_wconf 91' lang='lat'><strong>1.</strong></span> <span class='ocrx_word' id='word_1_203' title='bbox 815 3139 845 3194; x_wconf 86' lang='lat' dir='ltr'><strong>p.</strong></span> <span class='ocrx_word' id='word_1_204' title='bbox 862 3119 908 3180; x_wconf 70' lang='lat' dir='ltr'><strong>lta.</strong></span> <span class='ocrx_word' id='word_1_205' title='bbox 933 3119 1119 3193; x_wconf 70' lang='lat' dir='ltr'><strong>Sooreslty</strong></span> <span class='ocrx_word' id='word_1_206' title='bbox 1137 3124 1270 3177; x_wconf 80' lang='lat' dir='ltr'><strong>Aeeuunt</strong></span> <span class='ocrx_word' id='word_1_207' title='bbox 1291 3125 1332 3195; x_wconf 90' lang='lat' dir='ltr'><strong>os</strong></span> 
     </span>
     <span class='ocr_line' id='line_1_26' title="bbox 366 3209 1326 3283; baseline 0.003 -19"><span class='ocrx_word' id='word_1_208' title='bbox 366 3210 414 3264; x_wconf 79' lang='lat' dir='ltr'><strong>tlte</strong></span> <span class='ocrx_word' id='word_1_209' title='bbox 431 3212 507 3263; x_wconf 78' lang='lat' dir='ltr'><strong>artic</strong></span> <span class='ocrx_word' id='word_1_210' title='bbox 526 3210 636 3281; x_wconf 83' lang='lat' dir='ltr'><strong>regions</strong></span> <span class='ocrx_word' id='word_1_211' title='bbox 654 3212 715 3265; x_wconf 81' lang='lat' dir='ltr'><strong>and</strong></span> <span class='ocrx_word' id='word_1_212' title='bbox 731 3211 778 3265; x_wconf 75' lang='lat' dir='ltr'><strong>tlte</strong></span> <span class='ocrx_word' id='word_1_213' title='bbox 793 3209 929 3264; x_wconf 74' lang='lat' dir='ltr'><strong>northern</strong></span> <span class='ocrx_word' id='word_1_214' title='bbox 948 3211 1187 3283; x_wconf 76' lang='lat' dir='ltr'><strong>erule-Pislrery</strong></span> <span class='ocrx_word' id='word_1_215' title='bbox 1204 3213 1295 3267; x_wconf 80' lang='lat' dir='ltr'><strong>Tem.</strong></span> <span class='ocrx_word' id='word_1_216' title='bbox 1302 3215 1326 3267; x_wconf 89' lang='lat'><strong>1.</strong></span> 
     </span>
     <span class='ocr_line' id='line_1_27' title="bbox 368 3295 729 3370; baseline -0.003 -16"><span class='ocrx_word' id='word_1_217' title='bbox 368 3303 470 3370; x_wconf 67' lang='lat' dir='ltr'><strong>esea.</strong></span> <span class='ocrx_word' id='word_1_218' title='bbox 490 3303 553 3356; x_wconf 85' lang='lat' dir='ltr'><strong>ses.</strong></span> <span class='ocrx_word' id='word_1_219' title='bbox 581 3295 584 3303; x_wconf 89' lang='lat'>&#39;</span> <span class='ocrx_word' id='word_1_220' title='bbox 725 3297 729 3306; x_wconf 88' lang='lat'>·</span> 
     </span>
    </p>
   </div>
   <div class='ocr_carea' id='block_1_7' title="bbox 293 3382 746 3580">
    <p class='ocr_par' dir='ltr' id='par_1_7' title="bbox 293 3382 746 3580">
     <span class='ocr_line' id='line_1_28' title="bbox 294 3382 564 3475; baseline -0.037 -7"><span class='ocrx_word' id='word_1_221' title='bbox 294 3382 343 3474; x_wconf 72' lang='lat'><strong>915</strong></span> <span class='ocrx_word' id='word_1_222' title='bbox 366 3405 433 3460; x_wconf 86' lang='lat' dir='ltr'><strong>V11.</strong></span> <span class='ocrx_word' id='word_1_223' title='bbox 453 3420 482 3475; x_wconf 85' lang='lat' dir='ltr'><strong>p.</strong></span> <span class='ocrx_word' id='word_1_224' title='bbox 502 3408 564 3466; x_wconf 82' lang='lat' dir='ltr'><strong>aot.</strong></span> 
     </span>
     <span class='ocr_line' id='line_1_29' title="bbox 293 3509 746 3580; baseline -0.002 -12"><span class='ocrx_word' id='word_1_225' title='bbox 293 3511 344 3574; x_wconf 80' lang='lat'><strong>92)</strong></span> <span class='ocrx_word' id='word_1_226' title='bbox 369 3509 425 3568; x_wconf 79' lang='lat' dir='ltr'><strong>etr.</strong></span> <span class='ocrx_word' id='word_1_227' title='bbox 445 3511 615 3570; x_wconf 83' lang='lat' dir='ltr'><strong>Herodot.</strong></span> <span class='ocrx_word' id='word_1_228' title='bbox 631 3515 682 3580; x_wconf 86' lang='lat' dir='ltr'><strong>tv,</strong></span> <span class='ocrx_word' id='word_1_229' title='bbox 702 3519 746 3578; x_wconf 80' lang='lat'><strong>29.</strong></span> 
     </span>
    </p>
   </div>
   <div class='ocr_carea' id='block_1_8' title="bbox 262 3615 1325 4134">
    <p class='ocr_par' dir='ltr' id='par_1_8' title="bbox 294 3615 1325 3954">
     <span class='ocr_line' id='line_1_30' title="bbox 294 3615 1325 3690; baseline 0.002 -16"><span class='ocrx_word' id='word_1_230' title='bbox 294 3617 346 3690; x_wconf 83' lang='grc'><strong>93)</strong></span> <span class='ocrx_word' id='word_1_231' title='bbox 369 3615 519 3687; x_wconf 68' lang='lat' dir='ltr'><strong>superine</strong></span> <span class='ocrx_word' id='word_1_232' title='bbox 536 3619 665 3674; x_wconf 77' lang='lat' dir='ltr'><strong>euim—iu</strong></span> <span class='ocrx_word' id='word_1_233' title='bbox 685 3618 812 3690; x_wconf 77' lang='lat' dir='ltr'><strong>editione</strong></span> <span class='ocrx_word' id='word_1_234' title='bbox 831 3618 1040 3676; x_wconf 75' lang='lat' dir='ltr'><strong>casauboni</strong></span> <span class='ocrx_word' id='word_1_235' title='bbox 1054 3619 1153 3689; x_wconf 71' lang='grc' dir='ltr'><strong><em>πηλόν.</em></strong></span> <span class='ocrx_word' id='word_1_236' title='bbox 1191 3624 1233 3676; x_wconf 82' lang='lat' dir='ltr'><strong>at</strong></span> <span class='ocrx_word' id='word_1_237' title='bbox 1252 3639 1325 3678; x_wconf 84' lang='lat' dir='ltr'><strong>cor-</strong></span> 
     </span>
     <span class='ocr_line' id='line_1_31' title="bbox 353 3704 1323 3780; baseline 0.012 -24"><span class='ocrx_word' id='word_1_238' title='bbox 353 3704 442 3758; x_wconf 85' lang='lat' dir='ltr'><strong>-rexit</strong></span> <span class='ocrx_word' id='word_1_239' title='bbox 460 3707 574 3777; x_wconf 83' lang='lat' dir='ltr'><strong>Goray</strong></span> <span class='ocrx_word' id='word_1_240' title='bbox 599 3707 636 3760; x_wconf 86' lang='lat' dir='ltr'><strong>ad</strong></span> <span class='ocrx_word' id='word_1_241' title='bbox 655 3711 826 3779; x_wconf 80' lang='lat' dir='ltr'><strong>Hippeerut.</strong></span> <span class='ocrx_word' id='word_1_242' title='bbox 847 3708 882 3762; x_wconf 82' lang='lat' dir='ltr'><strong>de</strong></span> <span class='ocrx_word' id='word_1_243' title='bbox 900 3713 982 3777; x_wconf 69' lang='lat' dir='ltr'><strong>aiere,</strong></span> <span class='ocrx_word' id='word_1_244' title='bbox 1001 3712 1084 3780; x_wconf 78' lang='lat' dir='ltr'><strong>equis</strong></span> <span class='ocrx_word' id='word_1_245' title='bbox 1108 3719 1134 3762; x_wconf 82' lang='lat' dir='ltr'><strong>et</strong></span> <span class='ocrx_word' id='word_1_246' title='bbox 1158 3711 1213 3764; x_wconf 86' lang='lat' dir='ltr'><strong>loc.</strong></span> <span class='ocrx_word' id='word_1_247' title='bbox 1231 3714 1262 3780; x_wconf 78' lang='lat'><strong>§-</strong></span> <span class='ocrx_word' id='word_1_248' title='bbox 1273 3719 1323 3774; x_wconf 84' lang='lat'><strong>95.</strong></span> 
     </span>
     <span class='ocr_line' id='line_1_32' title="bbox 364 3794 1324 3870; baseline 0.01 -26"><span class='ocrx_word' id='word_1_249' title='bbox 364 3795 448 3846; x_wconf 85' lang='lat' dir='ltr'><strong>Tum.</strong></span> <span class='ocrx_word' id='word_1_250' title='bbox 467 3796 501 3847; x_wconf 91' lang='lat'><strong>11.</strong></span> <span class='ocrx_word' id='word_1_251' title='bbox 521 3812 549 3866; x_wconf 83' lang='lat' dir='ltr'><strong>p.</strong></span> <span class='ocrx_word' id='word_1_252' title='bbox 569 3801 637 3858; x_wconf 81' lang='lat'><strong>290:</strong></span> <span class='ocrx_word' id='word_1_253' title='bbox 655 3794 748 3862; x_wconf 76' lang='grc' dir='ltr'><strong><em>πλοῦν,</em></strong></span> <span class='ocrx_word' id='word_1_254' title='bbox 774 3796 851 3870; x_wconf 87' lang='lat' dir='ltr'><strong>quod</strong></span> <span class='ocrx_word' id='word_1_255' title='bbox 868 3813 931 3850; x_wconf 84' lang='lat' dir='ltr'><strong>nou</strong></span> <span class='ocrx_word' id='word_1_256' title='bbox 943 3794 1141 3868; x_wconf 80' lang='lat' dir='ltr'><strong>&#39;recipiendum</strong></span> <span class='ocrx_word' id='word_1_257' title='bbox 1153 3816 1215 3854; x_wconf 85' lang='lat' dir='ltr'><strong>esse</strong></span> <span class='ocrx_word' id='word_1_258' title='bbox 1227 3797 1324 3864; x_wconf 77' lang='lat' dir='ltr'><strong>dureo,</strong></span> 
     </span>
     <span class='ocr_line' id='line_1_33' title="bbox 363 3879 1324 3954; baseline 0.011 -23"><span class='ocrx_word' id='word_1_259' title='bbox 363 3888 425 3932; x_wconf 89' lang='lat' dir='ltr'><strong>tum</strong></span> <span class='ocrx_word' id='word_1_260' title='bbox 451 3881 519 3954; x_wconf 87' lang='lat' dir='ltr'><strong>quia</strong></span> <span class='ocrx_word' id='word_1_261' title='bbox 545 3879 626 3936; x_wconf 83' lang='lat' dir='ltr'><strong>senile</strong></span> <span class='ocrx_word' id='word_1_262' title='bbox 648 3881 852 3954; x_wconf 79' lang='lat' dir='ltr'><strong>fieri=poterat‚</strong></span> <span class='ocrx_word' id='word_1_263' title='bbox 878 3892 909 3937; x_wconf 92' lang='lat' dir='ltr'><strong>ut</strong></span> <span class='ocrx_word' id='word_1_264' title='bbox 933 3883 1114 3940; x_wconf 87' lang='lat' dir='ltr'><strong>Herodoti</strong></span> <span class='ocrx_word' id='word_1_265' title='bbox 1138 3885 1228 3940; x_wconf 84' lang='lat' dir='ltr'><strong>verba</strong></span> <span class='ocrx_word' id='word_1_266' title='bbox 1251 3889 1324 3954; x_wconf 85' lang='lat' dir='ltr'><strong>(tv,</strong></span> 
     </span>
    </p>

    <p class='ocr_par' dir='ltr' id='par_1_9' title="bbox 263 3969 1324 4055">
     <span class='ocr_line' id='line_1_34' title="bbox 263 3969 1324 4055; baseline 0.005 -32"><span class='ocrx_word' id='word_1_267' title='bbox 263 3979 266 3988; x_wconf 81' lang='grc'><em>’</em></span> <span class='ocrx_word' id='word_1_268' title='bbox 362 3970 409 4036; x_wconf 83' lang='lat'><strong>28)</strong></span> <span class='ocrx_word' id='word_1_269' title='bbox 446 3985 531 4040; x_wconf 87' lang='lat' dir='ltr'><strong>supra</strong></span> <span class='ocrx_word' id='word_1_270' title='bbox 555 3969 671 4023; x_wconf 82' lang='lat' dir='ltr'><strong>landate</strong></span> <span class='ocrx_word' id='word_1_271' title='bbox 696 3969 872 4025; x_wconf 81' lang='lat' dir='ltr'><strong>Straboni</strong></span> <span class='ocrx_word' id='word_1_272' title='bbox 895 3969 1127 4052; x_wconf 65' lang='lat' dir='ltr'><strong>obversarpntur,</strong></span> <span class='ocrx_word' id='word_1_273' title='bbox 1150 3983 1218 4028; x_wconf 88' lang='lat' dir='ltr'><strong>tum</strong></span> <span class='ocrx_word' id='word_1_274' title='bbox 1245 3975 1324 4055; x_wconf 74' lang='lat' dir='ltr'><strong>quia</strong></span> 
     </span>
    </p>

    <p class='ocr_par' dir='ltr' id='par_1_10' title="bbox 262 4055 1177 4134">
     <span class='ocr_line' id='line_1_35' title="bbox 262 4055 1177 4134; baseline 0.01 -26"><span class='ocrx_word' id='word_1_275' title='bbox 262 4097 271 4116; x_wconf 79' lang='grc'><em>,</em></span> <span class='ocrx_word' id='word_1_276' title='bbox 361 4055 447 4128; x_wconf 75' lang='lat' dir='ltr'><strong>etiam</strong></span> <span class='ocrx_word' id='word_1_277' title='bbox 466 4055 555 4111; x_wconf 87' lang='lat' dir='ltr'><strong>totius</strong></span> <span class='ocrx_word' id='word_1_278' title='bbox 574 4056 631 4110; x_wconf 87' lang='lat' dir='ltr'><strong>loci</strong></span> <span class='ocrx_word' id='word_1_279' title='bbox 651 4075 744 4132; x_wconf 63' lang='lat' dir='ltr'><strong>uuus</strong></span> <span class='ocrx_word' id='word_1_280' title='bbox 763 4055 849 4128; x_wconf 74' lang='lat' dir='ltr'><strong>uelde</strong></span> <span class='ocrx_word' id='word_1_281' title='bbox 866 4057 1018 4134; x_wconf 78' lang='lat' dir='ltr'><strong>efflagitare</strong></span> <span class='ocrx_word' id='word_1_282' title='bbox 1037 4060 1177 4118; x_wconf 76' lang='lat' dir='ltr'><strong>rideatur.</strong></span> 
     </span>
    </p>
   </div>
   <div class='ocr_carea' id='block_1_9' title="bbox 0 0 1398 4814">
    <p class='ocr_par' dir='ltr' id='par_1_11' title="bbox 0 0 1398 4814">
     <span class='ocr_line' id='line_1_36' title="bbox 0 0 1398 4814; baseline 0 2"><span class='ocrx_word' id='word_1_283' title='bbox 0 0 1398 4814; x_wconf 95' lang='lat' dir='ltr'><strong> </strong></span> 
     </span>
    </p>
   </div>
  </div>
 </body>
</html>
